名称,﻿代码,﻿当前价格,﻿昨收,﻿今开,﻿成交量/手,﻿外盘,﻿内盘,﻿买一价,﻿买一量/手,﻿买二价,﻿买二量/手,﻿买三价,﻿买三量/手,﻿买四价,﻿买四量/手,﻿买五价,﻿买五量/手,﻿卖一价,﻿卖一量/手,﻿卖二价,﻿卖二量/手,﻿卖三价,﻿卖三量/手,﻿卖四价,﻿卖四量/手,﻿卖五价,﻿卖五量/手,﻿最近逐笔成交,﻿时间,﻿涨跌,﻿涨跌幅,﻿最高,﻿最低,﻿价格,﻿成交量/手,﻿成交额/万,﻿换手率,﻿市盈率,﻿振幅,﻿流通市值,﻿总市值,﻿市净率,﻿涨停价,﻿跌停价,﻿买盘大单,﻿买盘小单,﻿卖盘大单,﻿卖盘小单
0,150085,0.984,0.98,0.983,495239.0,285602.0,209637.0,0.983,10730.0,0.982,23492.0,0.981,2250.0,0.98,13093.0,0.979,21167.0,0.984,1904.0,0.985,34193.0,0.986,5860.0,0.987,7668.0,0.988,13495.0,11.0,20150731113107,0.004,0.41,0.984,0.978,0.984,495239.0,4857.0,0.0,0.0,0.61,0.0,0.0,0.0,1.078,0.882,0.207,0.369,0.036,0.388
0,150085,0.984,0.98,0.983,495458.0,285821.0,209637.0,0.983,10700.0,0.982,23492.0,0.981,2730.0,0.98,13993.0,0.979,21167.0,0.984,20393.0,0.985,25765.0,0.986,15860.0,0.987,17668.0,0.988,24055.0,13.0,20150731130009,0.004,0.41,0.984,0.978,0.984,495458.0,4859.0,0.0,0.0,0.61,0.0,0.0,0.0,1.078,0.882,0.207,0.37,0.036,0.387
0,150085,0.984,0.98,0.983,495458.0,285821.0,209637.0,0.983,10700.0,0.982,23492.0,0.981,2730.0,0.98,13993.0,0.979,21167.0,0.984,20393.0,0.985,25765.0,0.986,15860.0,0.987,17668.0,0.988,24055.0,13.0,20150731130042,0.004,0.41,0.984,0.978,0.984,495458.0,4859.0,0.0,0.0,0.61,0.0,0.0,0.0,1.078,0.882,0.207,0.37,0.036,0.387
0,150085,0.984,0.98,0.983,495458.0,285821.0,209637.0,0.983,10700.0,0.982,23492.0,0.981,2730.0,0.98,13993.0,0.979,21167.0,0.984,20393.0,0.985,25765.0,0.986,15860.0,0.987,17668.0,0.988,24055.0,13.0,20150731130109,0.004,0.41,0.984,0.978,0.984,495458.0,4859.0,0.0,0.0,0.61,0.0,0.0,0.0,-1.0,-1.0,0.207,0.37,0.036,0.387
0,150085,0.984,0.98,0.983,495458.0,285821.0,209637.0,0.983,10700.0,0.982,23492.0,0.981,2730.0,0.98,13993.0,0.979,21167.0,0.984,20393.0,0.985,25765.0,0.986,15860.0,0.987,17668.0,0.988,24055.0,13.0,20150731130145,0.004,0.41,0.984,0.978,0.984,495458.0,4859.0,0.0,0.0,0.61,0.0,0.0,0.0,1.078,0.882,0.207,0.37,0.036,0.387
0,150085,0.984,0.98,0.983,495458.0,285821.0,209637.0,0.983,10700.0,0.982,23492.0,0.981,2730.0,0.98,13993.0,0.979,21167.0,0.984,20393.0,0.985,25765.0,0.986,15860.0,0.987,17668.0,0.988,24055.0,13.0,20150731130212,0.004,0.41,0.984,0.978,0.984,495458.0,4859.0,0.0,0.0,0.61,0.0,0.0,0.0,1.078,0.882,0.207,0.37,0.036,0.387
0,150085,0.984,0.98,0.983,495458.0,285821.0,209637.0,0.983,10700.0,0.982,23492.0,0.981,2730.0,0.98,13993.0,0.979,21167.0,0.984,20393.0,0.985,25765.0,0.986,15860.0,0.987,17668.0,0.988,24055.0,13.0,20150731130248,0.004,0.41,0.984,0.978,0.984,495458.0,4859.0,0.0,0.0,0.61,0.0,0.0,0.0,1.078,0.882,0.207,0.37,0.036,0.387
0,150085,0.984,0.98,0.983,495458.0,285821.0,209637.0,0.983,10700.0,0.982,23492.0,0.981,2730.0,0.98,13993.0,0.979,21167.0,0.984,20393.0,0.985,25753.0,0.986,15860.0,0.987,17668.0,0.988,24055.0,13.0,20150731130318,0.004,0.41,0.984,0.978,0.984,495458.0,4859.0,0.0,0.0,0.61,0.0,0.0,0.0,-1.0,-1.0,0.207,0.37,0.036,0.387
0,150085,0.984,0.98,0.983,495458.0,285821.0,209637.0,0.983,10700.0,0.982,23492.0,0.981,2730.0,0.98,13993.0,0.979,21167.0,0.984,20393.0,0.985,25753.0,0.986,15866.0,0.987,17668.0,0.988,24055.0,13.0,20150731130351,0.004,0.41,0.984,0.978,0.984,495458.0,4859.0,0.0,0.0,0.61,0.0,0.0,0.0,-1.0,-1.0,0.207,0.37,0.036,0.387
0,150085,0.984,0.98,0.983,495458.0,285821.0,209637.0,0.983,10700.0,0.982,23492.0,0.981,2730.0,0.98,13993.0,0.979,21167.0,0.984,20393.0,0.985,25753.0,0.986,15866.0,0.987,17668.0,0.988,24061.0,13.0,20150731130424,0.004,0.41,0.984,0.978,0.984,495458.0,4859.0,0.0,0.0,0.61,0.0,0.0,0.0,-1.0,-1.0,0.207,0.37,0.036,0.387
0,150085,0.984,0.98,0.983,495458.0,285821.0,209637.0,0.983,10700.0,0.982,23492.0,0.981,2730.0,0.98,13993.0,0.979,21167.0,0.984,20393.0,0.985,25753.0,0.986,16509.0,0.987,17668.0,0.988,24061.0,13.0,20150731130454,0.004,0.41,0.984,0.978,0.984,495458.0,4859.0,0.0,0.0,0.61,0.0,0.0,0.0,1.078,0.882,0.207,0.37,0.036,0.387
0,150085,0.984,0.98,0.983,495458.0,285821.0,209637.0,0.983,10700.0,0.982,23492.0,0.981,2730.0,0.98,13993.0,0.979,21167.0,0.984,20393.0,0.985,25753.0,0.986,16509.0,0.987,17668.0,0.988,24061.0,13.0,20150731130530,0.004,0.41,0.984,0.978,0.984,495458.0,4859.0,0.0,0.0,0.61,0.0,0.0,0.0,-1.0,-1.0,0.207,0.37,0.036,0.387
0,150085,0.984,0.98,0.983,495458.0,285821.0,209637.0,0.983,10700.0,0.982,23492.0,0.981,2730.0,0.98,13993.0,0.979,21167.0,0.984,20393.0,0.985,25753.0,0.986,16509.0,0.987,17668.0,0.988,24061.0,13.0,20150731130600,0.004,0.41,0.984,0.978,0.984,495458.0,4859.0,0.0,0.0,0.61,0.0,0.0,0.0,1.078,0.882,0.207,0.37,0.036,0.387
0,150085,0.984,0.98,0.983,495458.0,285821.0,209637.0,0.983,10700.0,0.982,23492.0,0.981,2730.0,0.98,13993.0,0.979,21167.0,0.984,20393.0,0.985,25753.0,0.986,16509.0,0.987,17668.0,0.988,24061.0,13.0,20150731130615,0.004,0.41,0.984,0.978,0.984,495458.0,4859.0,0.0,0.0,0.61,0.0,0.0,0.0,1.078,0.882,0.207,0.37,0.036,0.387
0,150085,0.984,0.98,0.983,495458.0,285821.0,209637.0,0.983,10700.0,0.982,23492.0,0.981,2730.0,0.98,13993.0,0.979,21167.0,0.984,20393.0,0.985,25753.0,0.986,16509.0,0.987,17668.0,0.988,24061.0,13.0,20150731130633,0.004,0.41,0.984,0.978,0.984,495458.0,4859.0,0.0,0.0,0.61,0.0,0.0,0.0,1.078,0.882,0.207,0.37,0.036,0.387
0,150085,0.984,0.98,0.983,495458.0,285821.0,209637.0,0.983,10700.0,0.982,23492.0,0.981,2730.0,0.98,13993.0,0.979,21167.0,0.984,20393.0,0.985,45753.0,0.986,16509.0,0.987,17668.0,0.988,24061.0,13.0,20150731130654,0.004,0.41,0.984,0.978,0.984,495458.0,4859.0,0.0,0.0,0.61,0.0,0.0,0.0,1.078,0.882,0.207,0.37,0.036,0.387
0,150085,0.984,0.98,0.983,495458.0,285821.0,209637.0,0.983,10700.0,0.982,23492.0,0.981,3732.0,0.98,13993.0,0.979,21167.0,0.984,20393.0,0.985,45753.0,0.986,16509.0,0.987,17668.0,0.988,24061.0,13.0,20150731130727,0.004,0.41,0.984,0.978,0.984,495458.0,4859.0,0.0,0.0,0.61,0.0,0.0,0.0,1.078,0.882,0.207,0.37,0.036,0.387
0,150085,0.984,0.98,0.983,495458.0,285821.0,209637.0,0.983,10700.0,0.982,23492.0,0.981,3732.0,0.98,13993.0,0.979,21167.0,0.984,20393.0,0.985,45753.0,0.986,16509.0,0.987,17668.0,0.988,24061.0,13.0,20150731130757,0.004,0.41,0.984,0.978,0.984,495458.0,4859.0,0.0,0.0,0.61,0.0,0.0,0.0,1.078,0.882,0.207,0.37,0.036,0.387
0,150085,0.984,0.98,0.983,495458.0,285821.0,209637.0,0.983,10700.0,0.982,23492.0,0.981,3732.0,0.98,13993.0,0.979,21167.0,0.984,20693.0,0.985,45753.0,0.986,16809.0,0.987,17668.0,0.988,24061.0,13.0,20150731130815,0.004,0.41,0.984,0.978,0.984,495458.0,4859.0,0.0,0.0,0.61,0.0,0.0,0.0,1.078,0.882,0.207,0.37,0.036,0.387
0,150085,0.983,0.98,0.983,495558.0,285821.0,209737.0,0.983,10600.0,0.982,23492.0,0.981,3732.0,0.98,13993.0,0.979,21167.0,0.984,20693.0,0.985,45753.0,0.986,16809.0,0.987,17968.0,0.988,24061.0,13.0,20150731130830,0.003,0.31,0.984,0.978,0.984,495558.0,4860.0,0.0,0.0,0.61,0.0,0.0,0.0,1.078,0.882,0.207,0.37,0.036,0.388
0,150085,0.983,0.98,0.983,495858.0,285821.0,210037.0,0.983,10300.0,0.982,23492.0,0.981,3732.0,0.98,13993.0,0.979,21167.0,0.984,20693.0,0.985,45753.0,0.986,16809.0,0.987,17968.0,0.988,24061.0,13.0,20150731130854,0.003,0.31,0.984,0.978,0.984,495858.0,4863.0,0.0,0.0,0.61,0.0,0.0,0.0,1.078,0.882,0.207,0.369,0.036,0.388
0,150085,0.983,0.98,0.983,495858.0,285821.0,210037.0,0.983,10300.0,0.982,23492.0,0.981,3732.0,0.98,13993.0,0.979,21167.0,0.984,20693.0,0.985,45753.0,0.986,16809.0,0.987,17968.0,0.988,24061.0,13.0,20150731130906,0.003,0.31,0.984,0.978,0.984,495858.0,4863.0,0.0,0.0,0.61,0.0,0.0,0.0,1.078,0.882,0.207,0.369,0.036,0.388
0,150085,0.983,0.98,0.983,495858.0,285821.0,210037.0,0.983,10300.0,0.982,23492.0,0.981,3732.0,0.98,13993.0,0.979,21167.0,0.984,20693.0,0.985,45753.0,0.986,16809.0,0.987,17968.0,0.988,24061.0,13.0,20150731130933,0.003,0.31,0.984,0.978,0.984,495858.0,4863.0,0.0,0.0,0.61,0.0,0.0,0.0,-1.0,-1.0,0.207,0.369,0.036,0.388
0,150085,0.983,0.98,0.983,495958.0,285821.0,210137.0,0.983,10200.0,0.982,23492.0,0.981,3732.0,0.98,14022.0,0.979,21167.0,0.984,20693.0,0.985,45753.0,0.986,16809.0,0.987,17968.0,0.988,24061.0,13.0,20150731131003,0.003,0.31,0.984,0.978,0.983,495958.0,4864.0,0.0,0.0,0.61,0.0,0.0,0.0,1.078,0.882,0.207,0.369,0.036,0.388
0,150085,0.983,0.98,0.983,495958.0,285821.0,210137.0,0.983,20200.0,0.982,23492.0,0.981,3732.0,0.98,14022.0,0.979,11167.0,0.984,20693.0,0.985,45753.0,0.986,16809.0,0.987,17968.0,0.988,24061.0,13.0,20150731131018,0.003,0.31,0.984,0.978,0.983,495958.0,4864.0,0.0,0.0,0.61,0.0,0.0,0.0,1.078,0.882,0.207,0.369,0.036,0.388
0,150085,0.983,0.98,0.983,495958.0,285821.0,210137.0,0.983,20200.0,0.982,23492.0,0.981,3732.0,0.98,14022.0,0.979,11167.0,0.984,20693.0,0.985,45753.0,0.986,16809.0,0.987,17968.0,0.988,24061.0,13.0,20150731131146,0.003,0.31,0.984,0.978,0.983,495958.0,4864.0,0.0,0.0,0.61,0.0,0.0,0.0,-1.0,-1.0,0.207,0.369,0.036,0.388
0,150085,0.983,0.98,0.983,495958.0,285821.0,210137.0,0.983,20200.0,0.982,23492.0,0.981,3432.0,0.98,14022.0,0.979,11167.0,0.984,20938.0,0.985,45753.0,0.986,16809.0,0.987,17968.0,0.988,24061.0,13.0,20150731131225,0.003,0.31,0.984,0.978,0.983,495958.0,4864.0,0.0,0.0,0.61,0.0,0.0,0.0,-1.0,-1.0,0.207,0.369,0.036,0.388
0,150085,0.983,0.98,0.983,495958.0,285821.0,210137.0,0.983,20200.0,0.982,23492.0,0.981,3581.0,0.98,14022.0,0.979,11167.0,0.984,20938.0,0.985,45753.0,0.986,16809.0,0.987,17968.0,0.988,24061.0,13.0,20150731131255,0.003,0.31,0.984,0.978,0.983,495958.0,4864.0,0.0,0.0,0.61,0.0,0.0,0.0,-1.0,-1.0,0.207,0.369,0.036,0.388
0,150085,0.983,0.98,0.983,495958.0,285821.0,210137.0,0.983,20200.0,0.982,23492.0,0.981,3581.0,0.98,14022.0,0.979,11167.0,0.984,20938.0,0.985,45753.0,0.986,16809.0,0.987,17968.0,0.988,24061.0,13.0,20150731131328,0.003,0.31,0.984,0.978,0.983,495958.0,4864.0,0.0,0.0,0.61,0.0,0.0,0.0,-1.0,-1.0,0.207,0.369,0.036,0.388
0,150085,0.983,0.98,0.983,497458.0,285821.0,211637.0,0.983,18700.0,0.982,23492.0,0.981,3581.0,0.98,14022.0,0.979,11167.0,0.984,20938.0,0.985,45753.0,0.986,16809.0,0.987,17968.0,0.988,24061.0,13.0,20150731131401,0.003,0.31,0.984,0.978,0.983,497458.0,4879.0,0.0,0.0,0.61,0.0,0.0,0.0,1.078,0.882,0.206,0.368,0.036,0.39
0,150085,0.983,0.98,0.983,498458.0,285821.0,212637.0,0.983,17700.0,0.982,23492.0,0.981,3581.0,0.98,14022.0,0.979,11167.0,0.984,22088.0,0.985,45903.0,0.986,16809.0,0.987,17968.0,0.988,24061.0,13.0,20150731131428,0.003,0.31,0.984,0.978,0.983,498458.0,4889.0,0.0,0.0,0.61,0.0,0.0,0.0,1.078,0.882,0.206,0.367,0.036,0.391
0,150085,0.983,0.98,0.983,500458.0,285821.0,214637.0,0.983,15700.0,0.982,23492.0,0.981,3581.0,0.98,14022.0,0.979,11167.0,0.984,22088.0,0.985,45903.0,0.986,16809.0,0.987,17968.0,0.988,24061.0,13.0,20150731131446,0.003,0.31,0.984,0.978,0.983,500458.0,4908.0,0.0,0.0,0.61,0.0,0.0,0.0,1.078,0.882,0.205,0.366,0.035,0.394
0,150085,0.983,0.98,0.983,502458.0,285821.0,216637.0,0.983,13700.0,0.982,23492.0,0.981,3581.0,0.98,14022.0,0.979,11167.0,0.984,24088.0,0.985,45903.0,0.986,16959.0,0.987,17968.0,0.988,24061.0,13.0,20150731131510,0.003,0.31,0.984,0.978,0.983,502458.0,4928.0,0.0,0.0,0.61,0.0,0.0,0.0,-1.0,-1.0,0.204,0.365,0.035,0.396
0,150085,0.983,0.98,0.983,502458.0,285821.0,216637.0,0.983,13700.0,0.982,23492.0,0.981,3581.0,0.98,14022.0,0.979,11167.0,0.984,24788.0,0.985,45903.0,0.986,16959.0,0.987,17968.0,0.988,24061.0,13.0,20150731131543,0.003,0.31,0.984,0.978,0.983,502458.0,4928.0,0.0,0.0,0.61,0.0,0.0,0.0,-1.0,-1.0,0.204,0.365,0.035,0.396
0,150085,0.983,0.98,0.983,502658.0,285821.0,216837.0,0.983,13550.0,0.982,23492.0,0.981,3581.0,0.98,14022.0,0.979,11167.0,0.984,25488.0,0.985,45903.0,0.986,16959.0,0.987,17968.0,0.988,24061.0,13.0,20150731131622,0.003,0.31,0.984,0.978,0.983,502658.0,4930.0,0.0,0.0,0.61,0.0,0.0,0.0,1.078,0.882,0.204,0.364,0.035,0.396
0,150085,0.983,0.98,0.983,507402.0,285821.0,221581.0,0.983,8806.0,0.982,23492.0,0.981,3581.0,0.98,14022.0,0.979,11167.0,0.984,25688.0,0.985,45903.0,0.986,16959.0,0.987,17968.0,0.988,24061.0,13.0,20150731131737,0.003,0.31,0.984,0.978,0.983,507402.0,4977.0,0.0,0.0,0.61,0.0,0.0,0.0,-1.0,-1.0,0.202,0.361,0.035,0.402
0,150085,0.983,0.98,0.983,512402.0,285821.0,226581.0,0.983,3806.0,0.982,23492.0,0.981,3581.0,0.98,14022.0,0.979,11167.0,0.984,25688.0,0.985,45903.0,0.986,16959.0,0.987,17968.0,0.988,24061.0,13.0,20150731131755,0.003,0.31,0.984,0.978,0.983,512402.0,5026.0,0.0,0.0,0.61,0.0,0.0,0.0,1.078,0.882,0.2,0.357,0.035,0.408
0,150085,0.983,0.98,0.983,512402.0,285821.0,226581.0,0.983,13806.0,0.982,23492.0,0.981,3581.0,0.98,14022.0,0.979,11167.0,0.984,25688.0,0.985,45903.0,0.986,16959.0,0.987,17968.0,0.988,24061.0,13.0,20150731131810,0.003,0.31,0.984,0.978,0.983,512402.0,5026.0,0.0,0.0,0.61,0.0,0.0,0.0,1.078,0.882,0.2,0.357,0.035,0.408
0,150085,0.984,0.98,0.983,517205.0,286564.0,230641.0,0.983,9746.0,0.982,23492.0,0.981,3781.0,0.98,14022.0,0.979,11167.0,0.984,25345.0,0.985,45903.0,0.986,16959.0,0.987,17968.0,0.988,24361.0,13.0,20150731132037,0.004,0.41,0.984,0.978,0.983,517205.0,5073.0,0.0,0.0,0.61,0.0,0.0,0.0,-1.0,-1.0,0.198,0.356,0.034,0.412
0,150085,0.984,0.98,0.983,517205.0,286564.0,230641.0,0.983,9746.0,0.982,23492.0,0.981,3781.0,0.98,14022.0,0.979,11167.0,0.984,25345.0,0.985,45903.0,0.986,16959.0,0.987,17968.0,0.988,24361.0,13.0,20150731132101,0.004,0.41,0.984,0.978,0.983,517205.0,5073.0,0.0,0.0,0.61,0.0,0.0,0.0,1.078,0.882,0.198,0.356,0.034,0.412
0,150085,0.984,0.98,0.983,517670.0,287024.0,230646.0,0.983,9740.0,0.982,23492.0,0.981,3781.0,0.98,14022.0,0.979,11167.0,0.984,24885.0,0.985,45903.0,0.986,16959.0,0.987,17968.0,0.988,24361.0,13.0,20150731132122,0.004,0.41,0.984,0.978,0.984,517670.0,5078.0,0.0,0.0,0.61,0.0,0.0,0.0,1.078,0.882,0.198,0.356,0.034,0.411
0,150085,0.984,0.98,0.983,517670.0,287024.0,230646.0,0.983,9740.0,0.982,23492.0,0.981,3781.0,0.98,14022.0,0.979,11167.0,0.984,24885.0,0.985,45903.0,0.986,16959.0,0.987,17968.0,0.988,24361.0,13.0,20150731132149,0.004,0.41,0.984,0.978,0.984,517670.0,5078.0,0.0,0.0,0.61,0.0,0.0,0.0,1.078,0.882,0.198,0.356,0.034,0.411
0,150085,0.984,0.98,0.983,517670.0,287024.0,230646.0,0.983,9740.0,0.982,23492.0,0.981,3781.0,0.98,14022.0,0.979,11167.0,0.984,24885.0,0.985,45903.0,0.986,16959.0,0.987,17968.0,0.988,24361.0,13.0,20150731132201,0.004,0.41,0.984,0.978,0.984,517670.0,5078.0,0.0,0.0,0.61,0.0,0.0,0.0,1.078,0.882,0.198,0.356,0.034,0.411
0,150085,0.984,0.98,0.983,517670.0,287024.0,230646.0,0.983,9740.0,0.982,23492.0,0.981,3781.0,0.98,14022.0,0.979,11167.0,0.984,25085.0,0.985,45903.0,0.986,16959.0,0.987,17968.0,0.988,24361.0,13.0,20150731132231,0.004,0.41,0.984,0.978,0.984,517670.0,5078.0,0.0,0.0,0.61,0.0,0.0,0.0,-1.0,-1.0,0.198,0.356,0.034,0.411
0,150085,0.984,0.98,0.983,517670.0,287024.0,230646.0,0.983,9740.0,0.982,23492.0,0.981,3781.0,0.98,14022.0,0.979,11167.0,0.984,24840.0,0.985,45903.0,0.986,16959.0,0.987,17968.0,0.988,24361.0,13.0,20150731132243,0.004,0.41,0.984,0.978,0.984,517670.0,5078.0,0.0,0.0,0.61,0.0,0.0,0.0,-1.0,-1.0,0.198,0.356,0.034,0.411
0,150085,0.983,0.98,0.983,527411.0,287024.0,240387.0,0.982,23492.0,0.981,3781.0,0.98,14022.0,0.979,11167.0,0.978,16290.0,0.983,1069.0,0.984,34840.0,0.985,48148.0,0.986,16959.0,0.987,17968.0,13.0,20150731132358,0.003,0.31,0.984,0.978,0.984,527411.0,5173.0,0.0,0.0,0.61,0.0,0.0,0.0,1.078,0.882,0.195,0.35,0.034,0.422
0,150085,0.983,0.98,0.983,527411.0,287024.0,240387.0,0.982,23492.0,0.981,3781.0,0.98,14022.0,0.979,11167.0,0.978,16290.0,0.983,8069.0,0.984,39840.0,0.985,48148.0,0.986,15959.0,0.987,17968.0,13.0,20150731132431,0.003,0.31,0.984,0.978,0.983,527411.0,5173.0,0.0,0.0,0.61,0.0,0.0,0.0,1.078,0.882,0.195,0.35,0.034,0.422
0,150085,0.983,0.98,0.983,527411.0,287024.0,240387.0,0.982,23492.0,0.981,4282.0,0.98,14022.0,0.979,11167.0,0.978,16290.0,0.983,8069.0,0.984,39840.0,0.985,48148.0,0.986,15959.0,0.987,17968.0,13.0,20150731132510,0.003,0.31,0.984,0.978,0.983,527411.0,5173.0,0.0,0.0,0.61,0.0,0.0,0.0,1.078,0.882,0.195,0.35,0.034,0.422
0,150085,0.983,0.98,0.983,527411.0,287024.0,240387.0,0.982,23492.0,0.981,4282.0,0.98,14522.0,0.979,11167.0,0.978,16290.0,0.983,8069.0,0.984,39840.0,0.985,48148.0,0.986,15959.0,0.987,17968.0,13.0,20150731132537,0.003,0.31,0.984,0.978,0.983,527411.0,5173.0,0.0,0.0,0.61,0.0,0.0,0.0,1.078,0.882,0.195,0.35,0.034,0.422
0,150085,0.983,0.98,0.983,527411.0,287024.0,240387.0,0.982,23492.0,0.981,4282.0,0.98,14522.0,0.979,12167.0,0.978,16290.0,0.983,8069.0,0.984,39840.0,0.985,48148.0,0.986,15959.0,0.987,17968.0,13.0,20150731132558,0.003,0.31,0.984,0.978,0.983,527411.0,5173.0,0.0,0.0,0.61,0.0,0.0,0.0,1.078,0.882,0.195,0.35,0.034,0.422
0,150085,0.983,0.98,0.983,535480.0,295093.0,240387.0,0.983,1930.0,0.982,23492.0,0.981,4282.0,0.98,14522.0,0.979,12667.0,0.984,39890.0,0.985,48148.0,0.986,15959.0,0.987,17968.0,0.988,24361.0,13.0,20150731132622,0.003,0.31,0.984,0.978,0.983,535480.0,5253.0,0.0,0.0,0.61,0.0,0.0,0.0,1.078,0.882,0.192,0.359,0.033,0.416
0,150085,0.983,0.98,0.983,535580.0,295093.0,240487.0,0.983,1830.0,0.982,23492.0,0.981,4282.0,0.98,14522.0,0.979,12667.0,0.984,39890.0,0.985,48148.0,0.986,15959.0,0.987,17968.0,0.988,24361.0,13.0,20150731132634,0.003,0.31,0.984,0.978,0.983,535580.0,5254.0,0.0,0.0,0.61,0.0,0.0,0.0,1.078,0.882,0.192,0.359,0.033,0.416
0,150085,0.983,0.98,0.983,537580.0,295262.0,242318.0,0.983,830.0,0.982,23492.0,0.981,4282.0,0.98,14522.0,0.979,12667.0,0.984,39890.0,0.985,48148.0,0.986,15959.0,0.987,17968.0,0.988,24361.0,13.0,20150731132701,0.003,0.31,0.984,0.978,0.983,537580.0,5273.0,0.0,0.0,0.61,0.0,0.0,0.0,1.078,0.882,0.191,0.358,0.033,0.418
0,150085,0.983,0.98,0.983,537580.0,295262.0,242318.0,0.983,830.0,0.982,23492.0,0.981,4282.0,0.98,14522.0,0.979,12667.0,0.984,39890.0,0.985,48148.0,0.986,15959.0,0.987,17968.0,0.988,24361.0,13.0,20150731132710,0.003,0.31,0.984,0.978,0.983,537580.0,5273.0,0.0,0.0,0.61,0.0,0.0,0.0,1.078,0.882,0.191,0.358,0.033,0.419
0,150085,0.983,0.98,0.983,538411.0,295262.0,243149.0,0.982,23492.0,0.981,4282.0,0.98,14522.0,0.979,12667.0,0.978,16290.0,0.983,2169.0,0.984,39890.0,0.985,48148.0,0.986,15959.0,0.987,17968.0,13.0,20150731132734,0.003,0.31,0.984,0.978,0.983,538411.0,5282.0,0.0,0.0,0.61,0.0,0.0,0.0,-1.0,-1.0,0.191,0.358,0.033,0.419
0,150085,0.983,0.98,0.983,539411.0,296262.0,243149.0,0.982,23492.0,0.981,4282.0,0.98,14522.0,0.979,12667.0,0.978,16290.0,0.983,1169.0,0.984,39890.0,0.985,48148.0,0.986,15959.0,0.987,17968.0,13.0,20150731132837,0.003,0.31,0.984,0.978,0.983,539411.0,5291.0,0.0,0.0,0.61,0.0,0.0,0.0,1.078,0.882,0.19,0.359,0.033,0.418
0,150085,0.983,0.98,0.983,540790.0,297431.0,243359.0,0.983,8620.0,0.982,23492.0,0.981,4282.0,0.98,14522.0,0.979,13094.0,0.984,39890.0,0.985,48648.0,0.986,15959.0,0.987,17968.0,0.988,24361.0,13.0,20150731132901,0.003,0.31,0.984,0.978,0.983,540790.0,5305.0,0.0,0.0,0.61,0.0,0.0,0.0,1.078,0.882,0.19,0.36,0.033,0.417
0,150085,0.983,0.98,0.983,540790.0,297431.0,243359.0,0.983,8620.0,0.982,23492.0,0.981,4282.0,0.98,14522.0,0.979,13094.0,0.984,39890.0,0.985,48648.0,0.986,15959.0,0.987,17968.0,0.988,24361.0,13.0,20150731132916,0.003,0.31,0.984,0.978,0.983,540790.0,5305.0,0.0,0.0,0.61,0.0,0.0,0.0,1.078,0.882,0.19,0.36,0.033,0.417
0,150085,0.983,0.98,0.983,540790.0,297431.0,243359.0,0.983,29348.0,0.982,23492.0,0.981,4282.0,0.98,14522.0,0.979,13094.0,0.984,39890.0,0.985,48648.0,0.986,15959.0,0.987,17968.0,0.988,24361.0,13.0,20150731132937,0.003,0.31,0.984,0.978,0.983,540790.0,5305.0,0.0,0.0,0.61,0.0,0.0,0.0,-1.0,-1.0,0.19,0.36,0.033,0.417
0,150085,0.983,0.98,0.983,540790.0,297431.0,243359.0,0.983,30348.0,0.982,23492.0,0.981,4282.0,0.98,14522.0,0.979,13094.0,0.984,39890.0,0.985,48648.0,0.986,15959.0,0.987,17968.0,0.988,24361.0,13.0,20150731133007,0.003,0.31,0.984,0.978,0.983,540790.0,5305.0,0.0,0.0,0.61,0.0,0.0,0.0,1.078,0.882,0.19,0.36,0.033,0.417
0,150085,0.983,0.98,0.983,540790.0,297431.0,243359.0,0.983,31348.0,0.982,23492.0,0.981,4282.0,0.98,14522.0,0.979,13094.0,0.984,39890.0,0.985,48648.0,0.986,15959.0,0.987,17968.0,0.988,24361.0,13.0,20150731133016,0.003,0.31,0.984,0.978,0.983,540790.0,5305.0,0.0,0.0,0.61,0.0,0.0,0.0,1.078,0.882,0.186,0.372,0.032,0.41
0,150085,0.984,0.98,0.983,560790.0,317431.0,243359.0,0.983,31348.0,0.982,23492.0,0.981,4282.0,0.98,14522.0,0.979,13094.0,0.984,19890.0,0.985,48648.0,0.986,15959.0,0.987,17968.0,0.988,24361.0,13.0,20150731133040,0.004,0.41,0.984,0.978,0.983,560790.0,5502.0,0.0,0.0,0.61,0.0,0.0,0.0,-1.0,-1.0,0.183,0.383,0.032,0.402
0,150085,0.984,0.98,0.983,580681.0,337322.0,243359.0,0.984,109.0,0.983,31348.0,0.982,23492.0,0.981,4282.0,0.98,14522.0,0.985,48648.0,0.986,15959.0,0.987,17968.0,0.988,24361.0,0.989,23926.0,13.0,20150731133056,0.004,0.41,0.984,0.978,0.983,580681.0,5697.0,0.0,0.0,0.61,0.0,0.0,0.0,-1.0,-1.0,0.177,0.404,0.03,0.389
0,150085,0.984,0.98,0.983,580681.0,337322.0,243359.0,0.984,109.0,0.983,31348.0,0.982,23492.0,0.981,4282.0,0.98,14522.0,0.985,56648.0,0.986,15959.0,0.987,17968.0,0.988,24361.0,0.989,23926.0,13.0,20150731133120,0.004,0.41,0.984,0.978,0.984,580681.0,5697.0,0.0,0.0,0.61,0.0,0.0,0.0,1.078,0.882,0.177,0.404,0.03,0.389
0,150085,0.984,0.98,0.983,580681.0,337322.0,243359.0,0.984,109.0,0.983,31348.0,0.982,23492.0,0.981,4282.0,0.98,12522.0,0.985,56648.0,0.986,15959.0,0.987,17968.0,0.988,24361.0,0.989,23926.0,13.0,20150731133126,0.004,0.41,0.984,0.978,0.984,580681.0,5697.0,0.0,0.0,0.61,0.0,0.0,0.0,1.078,0.882,0.177,0.404,0.03,0.389
0,150085,0.984,0.98,0.983,580681.0,337322.0,243359.0,0.984,109.0,0.983,31348.0,0.982,23492.0,0.981,4282.0,0.98,7753.0,0.985,56648.0,0.986,15959.0,0.987,26968.0,0.988,24361.0,0.989,23926.0,13.0,20150731133147,0.004,0.41,0.984,0.978,0.984,580681.0,5697.0,0.0,0.0,0.61,0.0,0.0,0.0,1.078,0.882,0.177,0.404,0.03,0.389
0,150085,0.984,0.98,0.983,581309.0,337322.0,243987.0,0.983,38096.0,0.982,23492.0,0.981,4282.0,0.98,7753.0,0.979,13094.0,0.984,4571.0,0.985,56648.0,0.986,15959.0,0.987,26968.0,0.988,24361.0,13.0,20150731133323,0.004,0.41,0.984,0.978,0.984,581309.0,5704.0,0.0,0.0,0.61,0.0,0.0,0.0,1.078,0.882,0.177,0.404,0.03,0.389
0,150085,0.984,0.98,0.983,581309.0,337322.0,243987.0,0.983,38096.0,0.982,23492.0,0.981,4282.0,0.98,7753.0,0.979,13094.0,0.984,4571.0,0.985,56648.0,0.986,15316.0,0.987,26968.0,0.988,24361.0,13.0,20150731133338,0.004,0.41,0.984,0.978,0.984,581309.0,5704.0,0.0,0.0,0.61,0.0,0.0,0.0,1.078,0.882,0.177,0.404,0.03,0.389
0,150085,0.984,0.98,0.983,581368.0,337381.0,243987.0,0.983,38096.0,0.982,23492.0,0.981,4282.0,0.98,7753.0,0.979,13094.0,0.984,4712.0,0.985,56648.0,0.986,15316.0,0.987,26968.0,0.988,24361.0,13.0,20150731133359,0.004,0.41,0.984,0.978,0.984,581368.0,5704.0,0.0,0.0,0.61,0.0,0.0,0.0,1.078,0.882,0.177,0.404,0.03,0.389
0,150085,0.984,0.98,0.983,581368.0,337381.0,243987.0,0.983,40084.0,0.982,23492.0,0.981,4282.0,0.98,7453.0,0.979,13094.0,0.984,4712.0,0.985,56648.0,0.986,15316.0,0.987,26968.0,0.988,24361.0,13.0,20150731133420,0.004,0.41,0.984,0.978,0.984,581368.0,5704.0,0.0,0.0,0.61,0.0,0.0,0.0,1.078,0.882,0.177,0.404,0.03,0.389
0,150085,0.984,0.98,0.983,581368.0,337381.0,243987.0,0.983,40084.0,0.982,23782.0,0.981,4282.0,0.98,7453.0,0.979,13094.0,0.984,6712.0,0.985,60648.0,0.986,18316.0,0.987,26968.0,0.988,24361.0,13.0,20150731133441,0.004,0.41,0.984,0.978,0.984,581368.0,5704.0,0.0,0.0,0.61,0.0,0.0,0.0,-1.0,-1.0,0.177,0.404,0.03,0.389
0,150085,0.984,0.98,0.983,581368.0,337381.0,243987.0,0.983,40084.0,0.982,23782.0,0.981,4282.0,0.98,7453.0,0.979,13094.0,0.984,6712.0,0.985,60648.0,0.986,21316.0,0.987,26968.0,0.988,24361.0,13.0,20150731133459,0.004,0.41,0.984,0.978,0.984,581368.0,5704.0,0.0,0.0,0.61,0.0,0.0,0.0,-1.0,-1.0,0.177,0.404,0.03,0.389
0,150085,0.984,0.98,0.983,581368.0,337381.0,243987.0,0.983,40084.0,0.982,23782.0,0.981,4282.0,0.98,7453.0,0.979,13094.0,0.984,6712.0,0.985,60648.0,0.986,21316.0,0.987,26968.0,0.988,24361.0,13.0,20150731133523,0.004,0.41,0.984,0.978,0.984,581368.0,5704.0,0.0,0.0,0.61,0.0,0.0,0.0,1.078,0.882,0.177,0.404,0.03,0.389
0,150085,0.984,0.98,0.983,581368.0,337381.0,243987.0,0.983,40084.0,0.982,23782.0,0.981,4282.0,0.98,7453.0,0.979,13094.0,0.984,6712.0,0.985,60648.0,0.986,21316.0,0.987,26968.0,0.988,24361.0,13.0,20150731133535,0.004,0.41,0.984,0.978,0.984,581368.0,5704.0,0.0,0.0,0.61,0.0,0.0,0.0,1.078,0.882,0.177,0.404,0.03,0.389
0,150085,0.984,0.98,0.983,581368.0,337381.0,243987.0,0.983,40084.0,0.982,23782.0,0.981,4282.0,0.98,7453.0,0.979,13094.0,0.984,6712.0,0.985,60648.0,0.986,21316.0,0.987,26968.0,0.988,24361.0,13.0,20150731133556,0.004,0.41,0.984,0.978,0.984,581368.0,5704.0,0.0,0.0,0.61,0.0,0.0,0.0,-1.0,-1.0,0.176,0.406,0.03,0.388
0,150085,0.984,0.98,0.983,583485.0,339498.0,243987.0,0.983,40084.0,0.982,23782.0,0.981,4282.0,0.98,7453.0,0.979,13094.0,0.984,4595.0,0.985,60648.0,0.986,21316.0,0.987,26968.0,0.988,24361.0,13.0,20150731133620,0.004,0.41,0.984,0.978,0.984,583485.0,5725.0,0.0,0.0,0.61,0.0,0.0,0.0,1.078,0.882,0.176,0.406,0.03,0.388
0,150085,0.984,0.98,0.983,583485.0,339498.0,243987.0,0.983,40084.0,0.982,23782.0,0.981,4282.0,0.98,7453.0,0.979,13094.0,0.984,4595.0,0.985,60648.0,0.986,21316.0,0.987,26968.0,0.988,25361.0,13.0,20150731133653,0.004,0.41,0.984,0.978,0.984,583485.0,5725.0,0.0,0.0,0.61,0.0,0.0,0.0,1.078,0.882,0.176,0.406,0.03,0.388
0,150085,0.984,0.98,0.983,583485.0,339498.0,243987.0,0.983,40084.0,0.982,23782.0,0.981,4282.0,0.98,7453.0,0.979,13094.0,0.984,4595.0,0.985,60648.0,0.986,21316.0,0.987,26968.0,0.988,25361.0,13.0,20150731133711,0.004,0.41,0.984,0.978,0.984,583485.0,5725.0,0.0,0.0,0.61,0.0,0.0,0.0,1.078,0.882,0.176,0.406,0.03,0.388
0,150085,0.984,0.98,0.983,583485.0,339498.0,243987.0,0.983,40084.0,0.982,23782.0,0.981,4282.0,0.98,7453.0,0.979,13094.0,0.984,4595.0,0.985,60648.0,0.986,21316.0,0.987,26968.0,0.988,25361.0,13.0,20150731133729,0.004,0.41,0.984,0.978,0.984,583485.0,5725.0,0.0,0.0,0.61,0.0,0.0,0.0,1.078,0.882,0.176,0.406,0.03,0.388
0,150085,0.983,0.98,0.983,594462.0,342208.0,252254.0,0.983,31817.0,0.982,23782.0,0.981,4282.0,0.98,7453.0,0.979,13094.0,0.984,1885.0,0.985,60648.0,0.986,21316.0,0.987,26968.0,0.988,25361.0,13.0,20150731133805,0.003,0.31,0.984,0.978,0.983,594462.0,5833.0,0.0,0.0,0.61,0.0,0.0,0.0,1.078,0.882,0.174,0.406,0.03,0.39
0,150085,0.983,0.98,0.983,594462.0,342208.0,252254.0,0.983,31817.0,0.982,23782.0,0.981,4282.0,0.98,7453.0,0.979,13094.0,0.984,1885.0,0.985,60648.0,0.986,21316.0,0.987,26968.0,0.988,25361.0,13.0,20150731133826,0.003,0.31,0.984,0.978,0.983,594462.0,5833.0,0.0,0.0,0.61,0.0,0.0,0.0,1.078,0.882,0.173,0.403,0.03,0.395
0,150085,0.983,0.98,0.983,594462.0,342208.0,252254.0,0.983,31817.0,0.982,23782.0,0.981,4282.0,0.98,7453.0,0.979,13094.0,0.984,1885.0,0.985,60648.0,0.986,21316.0,0.987,26968.0,0.988,25361.0,13.0,20150731133841,0.003,0.31,0.984,0.978,0.983,594462.0,5833.0,0.0,0.0,0.61,0.0,0.0,0.0,1.078,0.882,0.173,0.403,0.03,0.395
0,150085,0.983,0.98,0.983,594462.0,342208.0,252254.0,0.983,31817.0,0.982,23782.0,0.981,4282.0,0.98,7453.0,0.979,13094.0,0.984,1885.0,0.985,60648.0,0.986,21316.0,0.987,26968.0,0.988,25361.0,13.0,20150731133850,0.003,0.31,0.984,0.978,0.983,594462.0,5833.0,0.0,0.0,0.61,0.0,0.0,0.0,-1.0,-1.0,0.173,0.403,0.03,0.395
0,150085,0.983,0.98,0.983,594462.0,342208.0,252254.0,0.983,31089.0,0.982,23782.0,0.981,4282.0,0.98,7453.0,0.979,13094.0,0.984,1885.0,0.985,60648.0,0.986,21316.0,0.987,26968.0,0.988,25361.0,13.0,20150731133908,0.003,0.31,0.984,0.978,0.983,594462.0,5833.0,0.0,0.0,0.61,0.0,0.0,0.0,1.078,0.882,0.173,0.403,0.03,0.395
0,150085,0.983,0.98,0.983,594462.0,342208.0,252254.0,0.983,31089.0,0.982,23782.0,0.981,4282.0,0.98,7453.0,0.979,13094.0,0.984,1885.0,0.985,60403.0,0.986,21316.0,0.987,26968.0,0.988,25361.0,13.0,20150731133932,0.003,0.31,0.984,0.978,0.983,594462.0,5833.0,0.0,0.0,0.61,0.0,0.0,0.0,1.078,0.882,0.173,0.403,0.03,0.395
0,150085,0.983,0.98,0.983,594462.0,342208.0,252254.0,0.983,31089.0,0.982,23782.0,0.981,4282.0,0.98,7453.0,0.979,13094.0,0.984,2430.0,0.985,60403.0,0.986,21316.0,0.987,26968.0,0.988,25361.0,13.0,20150731134011,0.003,0.31,0.984,0.978,0.983,594462.0,5833.0,0.0,0.0,0.61,0.0,0.0,0.0,1.078,0.882,0.173,0.403,0.03,0.395
0,150085,0.984,0.98,0.983,598093.0,345639.0,252454.0,0.984,11569.0,0.983,30889.0,0.982,23782.0,0.981,4282.0,0.98,8183.0,0.985,60403.0,0.986,21316.0,0.987,26968.0,0.988,25361.0,0.989,23926.0,13.0,20150731134108,0.004,0.41,0.984,0.978,0.983,598093.0,5869.0,0.0,0.0,0.61,0.0,0.0,0.0,-1.0,-1.0,0.169,0.4,0.029,0.402
0,150085,0.984,0.98,0.983,607093.0,345639.0,261454.0,0.984,2569.0,0.983,30889.0,0.982,23782.0,0.981,4282.0,0.98,8183.0,0.985,60403.0,0.986,21316.0,0.987,26968.0,0.988,25361.0,0.989,23926.0,13.0,20150731134132,0.004,0.41,0.984,0.978,0.984,607093.0,5957.0,0.0,0.0,0.61,0.0,0.0,0.0,-1.0,-1.0,0.169,0.4,0.029,0.402
0,150085,0.984,0.98,0.983,607093.0,345639.0,261454.0,0.984,2569.0,0.983,30889.0,0.982,23782.0,0.981,4282.0,0.98,8183.0,0.985,60403.0,0.986,21316.0,0.987,26968.0,0.988,25361.0,0.989,23926.0,13.0,20150731134138,0.004,0.41,0.984,0.978,0.984,607093.0,5957.0,0.0,0.0,0.61,0.0,0.0,0.0,-1.0,-1.0,0.169,0.4,0.029,0.402
0,150085,0.984,0.98,0.983,607193.0,345639.0,261554.0,0.984,22469.0,0.983,30889.0,0.982,23782.0,0.981,4282.0,0.98,8183.0,0.985,60403.0,0.986,21316.0,0.987,26968.0,0.988,25361.0,0.989,23926.0,13.0,20150731134205,0.004,0.41,0.984,0.978,0.984,607193.0,5958.0,0.0,0.0,0.61,0.0,0.0,0.0,1.078,0.882,0.169,0.4,0.029,0.402
0,150085,0.985,0.98,0.983,607243.0,345689.0,261554.0,0.984,22469.0,0.983,30889.0,0.982,23782.0,0.981,4282.0,0.98,8183.0,0.985,65353.0,0.986,21316.0,0.987,26968.0,0.988,25361.0,0.989,23926.0,13.0,20150731134238,0.005,0.51,0.985,0.978,0.984,607243.0,5959.0,0.0,0.0,0.71,0.0,0.0,0.0,1.078,0.882,0.169,0.4,0.029,0.402
0,150085,0.985,0.98,0.983,607243.0,345689.0,261554.0,0.984,22469.0,0.983,30889.0,0.982,23782.0,0.981,4282.0,0.98,8183.0,0.985,65353.0,0.986,21316.0,0.987,26968.0,0.988,25361.0,0.989,23926.0,13.0,20150731134253,0.005,0.51,0.985,0.978,0.984,607243.0,5959.0,0.0,0.0,0.71,0.0,0.0,0.0,1.078,0.882,0.169,0.401,0.029,0.401
0,150085,0.985,0.98,0.983,608243.0,346689.0,261554.0,0.984,22469.0,0.983,30889.0,0.982,23782.0,0.981,4282.0,0.98,8183.0,0.985,64353.0,0.986,21316.0,0.987,26968.0,0.988,25361.0,0.989,23926.0,13.0,20150731134317,0.005,0.51,0.985,0.978,0.985,608243.0,5969.0,0.0,0.0,0.71,0.0,0.0,0.0,1.078,0.882,0.169,0.401,0.029,0.401
0,150085,0.985,0.98,0.983,608243.0,346689.0,261554.0,0.984,22528.0,0.983,30889.0,0.982,23782.0,0.981,4282.0,0.98,8183.0,0.985,64353.0,0.986,21316.0,0.987,26968.0,0.988,25361.0,0.989,23926.0,13.0,20150731134350,0.005,0.51,0.985,0.978,0.985,608243.0,5969.0,0.0,0.0,0.71,0.0,0.0,0.0,1.078,0.882,0.169,0.401,0.029,0.401
0,150085,0.985,0.98,0.983,608243.0,346689.0,261554.0,0.984,22469.0,0.983,30889.0,0.982,23782.0,0.981,4282.0,0.98,8183.0,0.985,64353.0,0.986,21316.0,0.987,26968.0,0.988,25361.0,0.989,23926.0,13.0,20150731134417,0.005,0.51,0.985,0.978,0.985,608243.0,5969.0,0.0,0.0,0.71,0.0,0.0,0.0,1.078,0.882,0.169,0.401,0.029,0.401
0,150085,0.985,0.98,0.983,608243.0,346689.0,261554.0,0.984,22469.0,0.983,30889.0,0.982,23782.0,0.981,4282.0,0.98,8183.0,0.985,64353.0,0.986,21316.0,0.987,26968.0,0.988,25361.0,0.989,23926.0,13.0,20150731134429,0.005,0.51,0.985,0.978,0.985,608243.0,5969.0,0.0,0.0,0.71,0.0,0.0,0.0,1.078,0.882,0.169,0.401,0.029,0.401
0,150085,0.985,0.98,0.983,608243.0,346689.0,261554.0,0.984,22469.0,0.983,30889.0,0.982,23782.0,0.981,4282.0,0.98,8183.0,0.985,64353.0,0.986,21316.0,0.987,26968.0,0.988,25361.0,0.989,23926.0,13.0,20150731134447,0.005,0.51,0.985,0.978,0.985,608243.0,5969.0,0.0,0.0,0.71,0.0,0.0,0.0,1.078,0.882,0.169,0.401,0.029,0.401
0,150085,0.985,0.98,0.983,608243.0,346689.0,261554.0,0.984,22469.0,0.983,30889.0,0.982,23782.0,0.981,4282.0,0.98,8183.0,0.985,64353.0,0.986,21316.0,0.987,26968.0,0.988,25361.0,0.989,23926.0,13.0,20150731134514,0.005,0.51,0.985,0.978,0.985,608243.0,5969.0,0.0,0.0,0.71,0.0,0.0,0.0,1.078,0.882,0.169,0.401,0.029,0.401
0,150085,0.985,0.98,0.983,608243.0,346689.0,261554.0,0.984,22469.0,0.983,30889.0,0.982,23782.0,0.981,4282.0,0.98,8183.0,0.985,64353.0,0.986,21316.0,0.987,26968.0,0.988,25361.0,0.989,23926.0,13.0,20150731134538,0.005,0.51,0.985,0.978,0.985,608243.0,5969.0,0.0,0.0,0.71,0.0,0.0,0.0,-1.0,-1.0,0.169,0.401,0.029,0.401
0,150085,0.985,0.98,0.983,617993.0,356439.0,261554.0,0.984,22469.0,0.983,30889.0,0.982,23782.0,0.981,4282.0,0.98,8383.0,0.985,54603.0,0.986,21316.0,0.987,26968.0,0.988,25361.0,0.989,23926.0,13.0,20150731134559,0.005,0.51,0.985,0.978,0.985,617993.0,6065.0,0.0,0.0,0.71,0.0,0.0,0.0,-1.0,-1.0,0.166,0.411,0.029,0.395
0,150085,0.985,0.98,0.983,617993.0,356439.0,261554.0,0.984,22469.0,0.983,30889.0,0.982,23782.0,0.981,4282.0,0.98,8383.0,0.985,54603.0,0.986,21316.0,0.987,26968.0,0.988,25361.0,0.989,23926.0,13.0,20150731134626,0.005,0.51,0.985,0.978,0.985,617993.0,6065.0,0.0,0.0,0.71,0.0,0.0,0.0,1.078,0.882,0.166,0.411,0.029,0.395
0,150085,0.985,0.98,0.983,617993.0,356439.0,261554.0,0.984,22469.0,0.983,30889.0,0.982,23782.0,0.981,4282.0,0.98,8383.0,0.985,55603.0,0.986,21316.0,0.987,26968.0,0.988,25361.0,0.989,23926.0,13.0,20150731134650,0.005,0.51,0.985,0.978,0.985,617993.0,6065.0,0.0,0.0,0.71,0.0,0.0,0.0,1.078,0.882,0.166,0.411,0.029,0.395
0,150085,0.985,0.98,0.983,617993.0,356439.0,261554.0,0.984,22469.0,0.983,30889.0,0.982,23782.0,0.981,4282.0,0.98,8383.0,0.985,55603.0,0.986,21316.0,0.987,26968.0,0.988,25361.0,0.989,23926.0,13.0,20150731134705,0.005,0.51,0.985,0.978,0.985,617993.0,6065.0,0.0,0.0,0.71,0.0,0.0,0.0,1.078,0.882,0.166,0.411,0.029,0.395
0,150085,0.985,0.98,0.983,617993.0,356439.0,261554.0,0.984,22469.0,0.983,30889.0,0.982,23782.0,0.981,4282.0,0.98,8383.0,0.985,55603.0,0.986,21316.0,0.987,26968.0,0.988,25361.0,0.989,23926.0,13.0,20150731134726,0.005,0.51,0.985,0.978,0.985,617993.0,6065.0,0.0,0.0,0.71,0.0,0.0,0.0,1.078,0.882,0.166,0.411,0.029,0.395
0,150085,0.985,0.98,0.983,617993.0,356439.0,261554.0,0.984,22469.0,0.983,30889.0,0.982,23782.0,0.981,4282.0,0.98,8383.0,0.985,55603.0,0.986,21316.0,0.987,26968.0,0.988,25361.0,0.989,23926.0,13.0,20150731134738,0.005,0.51,0.985,0.978,0.985,617993.0,6065.0,0.0,0.0,0.71,0.0,0.0,0.0,1.078,0.882,0.166,0.411,0.029,0.395
0,150085,0.985,0.98,0.983,617993.0,356439.0,261554.0,0.984,22469.0,0.983,30889.0,0.982,23782.0,0.981,4282.0,0.98,8383.0,0.985,55603.0,0.986,21316.0,0.987,26968.0,0.988,25361.0,0.989,23926.0,13.0,20150731134802,0.005,0.51,0.985,0.978,0.985,617993.0,6065.0,0.0,0.0,0.71,0.0,0.0,0.0,1.078,0.882,0.163,0.42,0.028,0.388
0,150085,0.985,0.98,0.983,637993.0,376439.0,261554.0,0.984,22469.0,0.983,30889.0,0.982,23782.0,0.981,4282.0,0.98,8383.0,0.985,35803.0,0.986,21316.0,0.987,26968.0,0.988,25361.0,0.989,23926.0,13.0,20150731134832,0.005,0.51,0.985,0.978,0.985,637993.0,6262.0,0.0,0.0,0.71,0.0,0.0,0.0,-1.0,-1.0,0.161,0.429,0.028,0.382
0,150085,0.985,0.98,0.983,647993.0,386439.0,261554.0,0.984,12469.0,0.983,30889.0,0.982,23782.0,0.981,4282.0,0.98,8383.0,0.985,25803.0,0.986,21316.0,0.987,26968.0,0.988,25361.0,0.989,23926.0,13.0,20150731134847,0.005,0.51,0.985,0.978,0.985,647993.0,6360.0,0.0,0.0,0.71,0.0,0.0,0.0,-1.0,-1.0,0.156,0.446,0.027,0.371
0,150085,0.985,0.98,0.983,667993.0,406439.0,261554.0,0.984,12469.0,0.983,30889.0,0.982,23782.0,0.981,4282.0,0.98,8383.0,0.985,5803.0,0.986,21316.0,0.987,26968.0,0.988,25361.0,0.989,23926.0,13.0,20150731134911,0.005,0.51,0.985,0.978,0.985,667993.0,6557.0,0.0,0.0,0.71,0.0,0.0,0.0,1.078,0.882,0.154,0.455,0.026,0.365
0,150085,0.985,0.98,0.983,667993.0,406439.0,261554.0,0.984,12903.0,0.983,30889.0,0.982,23782.0,0.981,4282.0,0.98,8383.0,0.985,5803.0,0.986,21316.0,0.987,26968.0,0.988,25361.0,0.989,23926.0,13.0,20150731134950,0.005,0.51,0.985,0.978,0.985,667993.0,6557.0,0.0,0.0,0.71,0.0,0.0,0.0,1.078,0.882,0.154,0.455,0.026,0.365
0,150085,0.985,0.98,0.983,667993.0,406439.0,261554.0,0.984,13362.0,0.983,30889.0,0.982,23782.0,0.981,4282.0,0.98,8383.0,0.985,5803.0,0.986,21316.0,0.987,26968.0,0.988,25361.0,0.989,23926.0,13.0,20150731135003,0.005,0.51,0.985,0.978,0.985,667993.0,6557.0,0.0,0.0,0.71,0.0,0.0,0.0,1.078,0.882,0.154,0.455,0.026,0.365
0,150085,0.985,0.98,0.983,667993.0,406439.0,261554.0,0.984,13362.0,0.983,30889.0,0.982,23782.0,0.981,4284.0,0.98,8383.0,0.985,5803.0,0.986,21316.0,0.987,26968.0,0.988,25361.0,0.989,23926.0,13.0,20150731135030,0.005,0.51,0.985,0.978,0.985,667993.0,6557.0,0.0,0.0,0.71,0.0,0.0,0.0,1.078,0.882,0.154,0.455,0.026,0.365
0,150085,0.985,0.98,0.983,667993.0,406439.0,261554.0,0.984,12903.0,0.983,30889.0,0.982,23782.0,0.981,4284.0,0.98,8383.0,0.985,5803.0,0.986,21316.0,0.987,27068.0,0.988,25361.0,0.989,23926.0,13.0,20150731135042,0.005,0.51,0.985,0.978,0.985,667993.0,6557.0,0.0,0.0,0.71,0.0,0.0,0.0,1.078,0.882,0.154,0.455,0.026,0.365
0,150085,0.985,0.98,0.983,668451.0,406897.0,261554.0,0.984,12903.0,0.983,30889.0,0.982,23782.0,0.981,4282.0,0.98,8383.0,0.985,5345.0,0.986,21316.0,0.987,27068.0,0.988,25361.0,0.989,23926.0,13.0,20150731135103,0.005,0.51,0.985,0.978,0.985,668451.0,6562.0,0.0,0.0,0.71,0.0,0.0,0.0,1.078,0.882,0.154,0.455,0.026,0.365
0,150085,0.985,0.98,0.983,668451.0,406897.0,261554.0,0.984,12903.0,0.983,30889.0,0.982,23782.0,0.981,4282.0,0.98,8383.0,0.985,5345.0,0.986,21316.0,0.987,27068.0,0.988,25361.0,0.989,23926.0,13.0,20150731135121,0.005,0.51,0.985,0.978,0.985,668451.0,6562.0,0.0,0.0,0.71,0.0,0.0,0.0,1.078,0.882,0.154,0.455,0.026,0.365
0,150085,0.985,0.98,0.983,668451.0,406897.0,261554.0,0.984,12903.0,0.983,30889.0,0.982,23782.0,0.981,4282.0,0.98,8383.0,0.985,5345.0,0.986,21316.0,0.987,27068.0,0.988,25361.0,0.989,23926.0,13.0,20150731135139,0.005,0.51,0.985,0.978,0.985,668451.0,6562.0,0.0,0.0,0.71,0.0,0.0,0.0,1.078,0.882,0.154,0.455,0.026,0.365
0,150085,0.985,0.98,0.983,668451.0,406897.0,261554.0,0.984,12903.0,0.983,30889.0,0.982,23782.0,0.981,4282.0,0.98,8383.0,0.985,5345.0,0.986,21316.0,0.987,27068.0,0.988,25361.0,0.989,23926.0,13.0,20150731135157,0.005,0.51,0.985,0.978,0.985,668451.0,6562.0,0.0,0.0,0.71,0.0,0.0,0.0,1.078,0.882,0.154,0.455,0.026,0.365
0,150085,0.985,0.98,0.983,668451.0,406897.0,261554.0,0.984,12903.0,0.983,30889.0,0.982,23782.0,0.981,4282.0,0.98,8383.0,0.985,5345.0,0.986,21316.0,0.987,27068.0,0.988,25361.0,0.989,23926.0,13.0,20150731135221,0.005,0.51,0.985,0.978,0.985,668451.0,6562.0,0.0,0.0,0.71,0.0,0.0,0.0,1.078,0.882,0.154,0.455,0.026,0.365
0,150085,0.985,0.98,0.983,668451.0,406897.0,261554.0,0.984,12903.0,0.983,30889.0,0.982,23782.0,0.981,4282.0,0.98,8383.0,0.985,5345.0,0.986,21466.0,0.987,27068.0,0.988,25361.0,0.989,23926.0,13.0,20150731135236,0.005,0.51,0.985,0.978,0.985,668451.0,6562.0,0.0,0.0,0.71,0.0,0.0,0.0,1.078,0.882,0.154,0.455,0.026,0.365
0,150085,0.985,0.98,0.983,668451.0,406897.0,261554.0,0.984,12903.0,0.983,30889.0,0.982,23782.0,0.981,4282.0,0.98,8383.0,0.985,5345.0,0.986,21466.0,0.987,27068.0,0.988,25361.0,0.989,23926.0,13.0,20150731135303,0.005,0.51,0.985,0.978,0.985,668451.0,6562.0,0.0,0.0,0.71,0.0,0.0,0.0,-1.0,-1.0,0.154,0.455,0.026,0.365
0,150085,0.985,0.98,0.983,668451.0,406897.0,261554.0,0.984,12903.0,0.983,30889.0,0.982,23782.0,0.981,4282.0,0.98,8383.0,0.985,5345.0,0.986,21466.0,0.987,27068.0,0.988,25361.0,0.989,23926.0,13.0,20150731135321,0.005,0.51,0.985,0.978,0.985,668451.0,6562.0,0.0,0.0,0.71,0.0,0.0,0.0,1.078,0.882,0.154,0.455,0.026,0.365
0,150085,0.985,0.98,0.983,668451.0,406897.0,261554.0,0.984,12903.0,0.983,30889.0,0.982,23782.0,0.981,4282.0,0.98,8383.0,0.985,5345.0,0.986,31466.0,0.987,27068.0,0.988,25361.0,0.989,23926.0,13.0,20150731135339,0.005,0.51,0.985,0.978,0.985,668451.0,6562.0,0.0,0.0,0.71,0.0,0.0,0.0,1.078,0.882,0.154,0.455,0.026,0.365
0,150085,0.985,0.98,0.983,668451.0,406897.0,261554.0,0.984,12903.0,0.983,30889.0,0.982,23782.0,0.981,4282.0,0.98,8383.0,0.985,5345.0,0.986,31466.0,0.987,27068.0,0.988,25361.0,0.989,23926.0,13.0,20150731135406,0.005,0.51,0.985,0.978,0.985,668451.0,6562.0,0.0,0.0,0.71,0.0,0.0,0.0,-1.0,-1.0,0.154,0.455,0.026,0.365
0,150085,0.985,0.98,0.983,673796.0,412242.0,261554.0,0.985,4655.0,0.984,12903.0,0.983,30889.0,0.982,23782.0,0.981,4282.0,0.986,31466.0,0.987,27068.0,0.988,25361.0,0.989,23926.0,0.99,23584.0,13.0,20150731135415,0.005,0.51,0.985,0.978,0.985,673796.0,6614.0,0.0,0.0,0.71,0.0,0.0,0.0,1.078,0.882,0.152,0.459,0.026,0.362
0,150085,0.985,0.98,0.983,673796.0,412242.0,261554.0,0.985,24655.0,0.984,12903.0,0.983,30889.0,0.982,23782.0,0.981,4282.0,0.986,31466.0,0.987,27068.0,0.988,25361.0,0.989,23926.0,0.99,23584.0,13.0,20150731135433,0.005,0.51,0.985,0.978,0.985,673796.0,6614.0,0.0,0.0,0.71,0.0,0.0,0.0,1.078,0.882,0.152,0.459,0.026,0.362
0,150085,0.985,0.98,0.983,673796.0,412242.0,261554.0,0.985,24655.0,0.984,12903.0,0.983,30889.0,0.982,23782.0,0.981,4282.0,0.986,31466.0,0.987,27068.0,0.988,25361.0,0.989,23926.0,0.99,23584.0,13.0,20150731135457,0.005,0.51,0.985,0.978,0.985,673796.0,6614.0,0.0,0.0,0.71,0.0,0.0,0.0,-1.0,-1.0,0.152,0.459,0.026,0.362
0,150085,0.985,0.98,0.983,683796.0,412242.0,271554.0,0.985,14655.0,0.984,12903.0,0.983,30889.0,0.982,23782.0,0.981,4282.0,0.986,32866.0,0.987,27068.0,0.988,25361.0,0.989,23926.0,0.99,23584.0,13.0,20150731135606,0.005,0.51,0.985,0.978,0.985,683796.0,6713.0,0.0,0.0,0.71,0.0,0.0,0.0,1.078,0.882,0.15,0.453,0.026,0.371
0,150085,0.985,0.98,0.983,695296.0,412242.0,283054.0,0.985,3155.0,0.984,12903.0,0.983,30889.0,0.982,23782.0,0.981,4282.0,0.986,32866.0,0.987,27068.0,0.988,25361.0,0.989,23926.0,0.99,23584.0,13.0,20150731135618,0.005,0.51,0.985,0.978,0.985,695296.0,6826.0,0.0,0.0,0.71,0.0,0.0,0.0,1.078,0.882,0.148,0.445,0.025,0.382
0,150085,0.986,0.98,0.983,698199.0,412245.0,285954.0,0.985,255.0,0.984,12903.0,0.983,30889.0,0.982,23782.0,0.981,4282.0,0.986,31463.0,0.987,27068.0,0.988,15361.0,0.989,23926.0,0.99,23584.0,13.0,20150731135639,0.006,0.61,0.986,0.978,0.985,698199.0,6855.0,0.0,0.0,0.82,0.0,0.0,0.0,1.078,0.882,0.147,0.443,0.025,0.384
0,150085,0.984,0.98,0.983,705201.0,412245.0,292956.0,0.984,6156.0,0.983,30889.0,0.982,23782.0,0.981,4282.0,0.98,8383.0,0.985,495.0,0.986,31463.0,0.987,27068.0,0.988,15361.0,0.989,23926.0,13.0,20150731135706,0.004,0.41,0.986,0.978,0.984,705201.0,6924.0,0.0,0.0,0.82,0.0,0.0,0.0,-1.0,-1.0,0.146,0.439,0.025,0.39
0,150085,0.984,0.98,0.983,705201.0,412245.0,292956.0,0.984,6156.0,0.983,30889.0,0.982,23782.0,0.981,4282.0,0.98,8383.0,0.985,495.0,0.986,31463.0,0.987,27068.0,0.988,15361.0,0.989,23926.0,13.0,20150731135721,0.004,0.41,0.986,0.978,0.984,705201.0,6924.0,0.0,0.0,0.82,0.0,0.0,0.0,1.078,0.882,0.146,0.439,0.025,0.39
0,150085,0.984,0.98,0.983,705701.0,412245.0,293456.0,0.984,5656.0,0.983,30889.0,0.982,23782.0,0.981,4282.0,0.98,8383.0,0.985,245.0,0.986,31463.0,0.987,27068.0,0.988,15361.0,0.989,23926.0,13.0,20150731135745,0.004,0.41,0.986,0.978,0.984,705701.0,6928.0,0.0,0.0,0.82,0.0,0.0,0.0,-1.0,-1.0,0.145,0.439,0.025,0.391
0,150085,0.984,0.98,0.983,705701.0,412245.0,293456.0,0.984,5656.0,0.983,30889.0,0.982,23782.0,0.981,4282.0,0.98,8383.0,0.985,245.0,0.986,31463.0,0.987,27068.0,0.988,15361.0,0.989,23926.0,13.0,20150731135800,0.004,0.41,0.986,0.978,0.984,705701.0,6928.0,0.0,0.0,0.82,0.0,0.0,0.0,-1.0,-1.0,0.145,0.439,0.025,0.391
0,150085,0.985,0.98,0.983,705955.0,412249.0,293706.0,0.984,5406.0,0.983,24141.0,0.982,23782.0,0.981,4282.0,0.98,8383.0,0.985,241.0,0.986,31463.0,0.987,27068.0,0.988,15361.0,0.989,23926.0,13.0,20150731135821,0.005,0.51,0.986,0.978,0.984,705955.0,6931.0,0.0,0.0,0.82,0.0,0.0,0.0,1.078,0.882,0.145,0.439,0.025,0.391
0,150085,0.985,0.98,0.983,705955.0,412249.0,293706.0,0.984,5406.0,0.983,24141.0,0.982,23782.0,0.981,4282.0,0.98,8383.0,0.985,241.0,0.986,31463.0,0.987,27068.0,0.988,15361.0,0.989,23926.0,13.0,20150731135836,0.005,0.51,0.986,0.978,0.984,705955.0,6931.0,0.0,0.0,0.82,0.0,0.0,0.0,1.078,0.882,0.145,0.439,0.025,0.391
0,150085,0.985,0.98,0.983,705955.0,412249.0,293706.0,0.984,5406.0,0.983,22153.0,0.982,23782.0,0.981,4282.0,0.98,8383.0,0.985,241.0,0.986,31463.0,0.987,18068.0,0.988,15361.0,0.989,23926.0,13.0,20150731135857,0.005,0.51,0.986,0.978,0.984,705955.0,6931.0,0.0,0.0,0.82,0.0,0.0,0.0,-1.0,-1.0,0.145,0.439,0.025,0.391
0,150085,0.985,0.98,0.983,705955.0,412249.0,293706.0,0.984,5406.0,0.983,22153.0,0.982,23782.0,0.981,4282.0,0.98,8383.0,0.985,9241.0,0.986,31463.0,0.987,18068.0,0.988,15361.0,0.989,23926.0,13.0,20150731135924,0.005,0.51,0.986,0.978,0.985,705955.0,6931.0,0.0,0.0,0.82,0.0,0.0,0.0,1.078,0.882,0.145,0.439,0.025,0.391
0,150085,0.985,0.98,0.983,715196.0,421490.0,293706.0,0.985,759.0,0.984,5406.0,0.983,22153.0,0.982,23782.0,0.981,4282.0,0.986,31463.0,0.987,18068.0,0.988,15361.0,0.989,23926.0,0.99,23584.0,13.0,20150731135939,0.005,0.51,0.986,0.978,0.985,715196.0,7022.0,0.0,0.0,0.82,0.0,0.0,0.0,1.078,0.882,0.143,0.445,0.025,0.387
0,150085,0.984,0.98,0.983,720139.0,421490.0,298649.0,0.984,1222.0,0.983,22153.0,0.982,23782.0,0.981,4282.0,0.98,8383.0,0.985,255252.0,0.986,31463.0,0.987,18068.0,0.988,15361.0,0.989,23926.0,14.0,20150731140006,0.004,0.41,0.986,0.978,0.985,720139.0,7071.0,0.0,0.0,0.82,0.0,0.0,0.0,-1.0,-1.0,0.143,0.443,0.025,0.39
0,150085,0.985,0.98,0.983,730139.0,431490.0,298649.0,0.984,1222.0,0.983,22153.0,0.982,23782.0,0.981,4282.0,0.98,8383.0,0.985,245252.0,0.986,31463.0,0.987,18068.0,0.988,15361.0,0.989,23926.0,14.0,20150731140021,0.005,0.51,0.986,0.978,0.985,730139.0,7169.0,0.0,0.0,0.82,0.0,0.0,0.0,1.078,0.882,0.141,0.45,0.024,0.385
0,150085,0.985,0.98,0.983,730139.0,431490.0,298649.0,0.984,1222.0,0.983,22153.0,0.982,23782.0,0.981,4282.0,0.98,8383.0,0.985,245252.0,0.986,31463.0,0.987,18068.0,0.988,15361.0,0.989,23926.0,14.0,20150731140042,0.005,0.51,0.986,0.978,0.985,730139.0,7169.0,0.0,0.0,0.82,0.0,0.0,0.0,1.078,0.882,0.141,0.45,0.024,0.385
0,150085,0.985,0.98,0.983,730139.0,431490.0,298649.0,0.984,1222.0,0.983,22153.0,0.982,23782.0,0.981,4282.0,0.98,8383.0,0.985,245252.0,0.986,31463.0,0.987,18068.0,0.988,15361.0,0.989,23926.0,14.0,20150731140057,0.005,0.51,0.986,0.978,0.985,730139.0,7169.0,0.0,0.0,0.82,0.0,0.0,0.0,1.078,0.882,0.141,0.45,0.024,0.385
0,150085,0.985,0.98,0.983,730139.0,431490.0,298649.0,0.984,1222.0,0.983,22153.0,0.982,23782.0,0.981,4282.0,0.98,8383.0,0.985,245252.0,0.986,31463.0,0.987,18068.0,0.988,15361.0,0.989,23926.0,14.0,20150731140127,0.005,0.51,0.986,0.978,0.985,730139.0,7169.0,0.0,0.0,0.82,0.0,0.0,0.0,1.078,0.882,0.141,0.45,0.024,0.385
0,150085,0.985,0.98,0.983,730139.0,431490.0,298649.0,0.984,1222.0,0.983,22153.0,0.982,23782.0,0.981,4282.0,0.98,8383.0,0.985,245252.0,0.986,31463.0,0.987,18068.0,0.988,15361.0,0.989,23926.0,14.0,20150731140142,0.005,0.51,0.986,0.978,0.985,730139.0,7169.0,0.0,0.0,0.82,0.0,0.0,0.0,1.078,0.882,0.141,0.45,0.024,0.385
0,150085,0.985,0.98,0.983,730139.0,431490.0,298649.0,0.984,1222.0,0.983,22153.0,0.982,23782.0,0.981,4282.0,0.98,8383.0,0.985,245252.0,0.986,31463.0,0.987,18068.0,0.988,15361.0,0.989,23926.0,14.0,20150731140206,0.005,0.51,0.986,0.978,0.985,730139.0,7169.0,0.0,0.0,0.82,0.0,0.0,0.0,1.078,0.882,0.141,0.45,0.024,0.385
0,150085,0.984,0.98,0.983,730269.0,431490.0,298779.0,0.984,1092.0,0.983,22153.0,0.982,23782.0,0.981,4282.0,0.98,8383.0,0.985,245252.0,0.986,31463.0,0.987,18068.0,0.988,15361.0,0.989,23926.0,14.0,20150731140230,0.004,0.41,0.986,0.978,0.985,730269.0,7170.0,0.0,0.0,0.82,0.0,0.0,0.0,1.078,0.882,0.141,0.45,0.024,0.385
0,150085,0.984,0.98,0.983,730769.0,431490.0,299279.0,0.984,592.0,0.983,22153.0,0.982,23782.0,0.981,4282.0,0.98,8383.0,0.985,245252.0,0.986,31463.0,0.987,18068.0,0.988,15361.0,0.989,23926.0,14.0,20150731140248,0.004,0.41,0.986,0.978,0.985,730769.0,7175.0,0.0,0.0,0.82,0.0,0.0,0.0,1.078,0.882,0.14,0.45,0.024,0.385
0,150085,0.984,0.98,0.983,730769.0,431490.0,299279.0,0.984,592.0,0.983,22153.0,0.982,23782.0,0.981,4282.0,0.98,8383.0,0.985,245252.0,0.986,31463.0,0.987,18068.0,0.988,15361.0,0.989,23926.0,14.0,20150731140306,0.004,0.41,0.986,0.978,0.985,730769.0,7175.0,0.0,0.0,0.82,0.0,0.0,0.0,1.078,0.882,0.14,0.45,0.024,0.385
0,150085,0.984,0.98,0.983,731269.0,431490.0,299779.0,0.984,92.0,0.983,22153.0,0.982,23782.0,0.981,4282.0,0.98,8383.0,0.985,245252.0,0.986,31463.0,0.987,18068.0,0.988,15361.0,0.989,23926.0,14.0,20150731140333,0.004,0.41,0.986,0.978,0.984,731269.0,7180.0,0.0,0.0,0.82,0.0,0.0,0.0,1.078,0.882,0.14,0.45,0.024,0.386
0,150085,0.984,0.98,0.983,731269.0,431490.0,299779.0,0.984,92.0,0.983,22153.0,0.982,23782.0,0.981,4282.0,0.98,8383.0,0.985,245252.0,0.986,31563.0,0.987,18068.0,0.988,15361.0,0.989,23926.0,14.0,20150731140348,0.004,0.41,0.986,0.978,0.984,731269.0,7180.0,0.0,0.0,0.82,0.0,0.0,0.0,1.078,0.882,0.14,0.45,0.024,0.386
0,150085,0.984,0.98,0.983,731269.0,431490.0,299779.0,0.984,92.0,0.983,22153.0,0.982,23782.0,0.981,4282.0,0.98,8383.0,0.985,245252.0,0.986,31563.0,0.987,18068.0,0.988,15361.0,0.989,23926.0,14.0,20150731140415,0.004,0.41,0.986,0.978,0.984,731269.0,7180.0,0.0,0.0,0.82,0.0,0.0,0.0,1.078,0.882,0.14,0.45,0.024,0.386
0,150085,0.985,0.98,0.983,731569.0,431790.0,299779.0,0.984,92.0,0.983,22153.0,0.982,23782.0,0.981,4282.0,0.98,8383.0,0.985,244952.0,0.986,31563.0,0.987,18068.0,0.988,15361.0,0.989,23926.0,14.0,20150731140430,0.005,0.51,0.986,0.978,0.984,731569.0,7183.0,0.0,0.0,0.82,0.0,0.0,0.0,1.078,0.882,0.14,0.45,0.024,0.386
0,150085,0.985,0.98,0.983,731569.0,431790.0,299779.0,0.984,92.0,0.983,22153.0,0.982,23782.0,0.981,4282.0,0.98,8383.0,0.985,244952.0,0.986,31563.0,0.987,18068.0,0.988,15361.0,0.989,23926.0,14.0,20150731140457,0.005,0.51,0.986,0.978,0.984,731569.0,7183.0,0.0,0.0,0.82,0.0,0.0,0.0,1.078,0.882,0.14,0.45,0.024,0.386
0,150085,0.985,0.98,0.983,731569.0,431790.0,299779.0,0.984,92.0,0.983,22153.0,0.982,23782.0,0.981,4282.0,0.98,8383.0,0.985,244952.0,0.986,31563.0,0.987,18068.0,0.988,15361.0,0.989,23926.0,14.0,20150731140512,0.005,0.51,0.986,0.978,0.984,731569.0,7183.0,0.0,0.0,0.82,0.0,0.0,0.0,1.078,0.882,0.14,0.45,0.024,0.386
0,150085,0.985,0.98,0.983,731569.0,431790.0,299779.0,0.984,92.0,0.983,24141.0,0.982,23782.0,0.981,4282.0,0.98,8383.0,0.985,244952.0,0.986,31563.0,0.987,18068.0,0.988,15361.0,0.989,23926.0,14.0,20150731140540,0.005,0.51,0.986,0.978,0.985,731569.0,7183.0,0.0,0.0,0.82,0.0,0.0,0.0,1.078,0.882,0.14,0.45,0.024,0.386
0,150085,0.985,0.98,0.983,731569.0,431790.0,299779.0,0.984,92.0,0.983,27141.0,0.982,23782.0,0.981,4282.0,0.98,8383.0,0.985,244952.0,0.986,31563.0,0.987,18068.0,0.988,15361.0,0.989,23926.0,14.0,20150731140555,0.005,0.51,0.986,0.978,0.985,731569.0,7183.0,0.0,0.0,0.82,0.0,0.0,0.0,1.078,0.882,0.14,0.45,0.024,0.386
0,150085,0.985,0.98,0.983,731569.0,431790.0,299779.0,0.984,92.0,0.983,30889.0,0.982,23782.0,0.981,4282.0,0.98,8383.0,0.985,244962.0,0.986,31563.0,0.987,18068.0,0.988,15361.0,0.989,23926.0,14.0,20150731140613,0.005,0.51,0.986,0.978,0.985,731569.0,7183.0,0.0,0.0,0.82,0.0,0.0,0.0,1.078,0.882,0.14,0.45,0.024,0.386
0,150085,0.985,0.98,0.983,731569.0,431790.0,299779.0,0.984,92.0,0.983,30889.0,0.982,23782.0,0.981,4282.0,0.98,8383.0,0.985,244962.0,0.986,31563.0,0.987,18068.0,0.988,15361.0,0.989,23926.0,14.0,20150731140640,0.005,0.51,0.986,0.978,0.985,731569.0,7183.0,0.0,0.0,0.82,0.0,0.0,0.0,1.078,0.882,0.14,0.45,0.024,0.386
0,150085,0.985,0.98,0.983,731569.0,431790.0,299779.0,0.984,92.0,0.983,30889.0,0.982,23782.0,0.981,4282.0,0.98,8383.0,0.985,244962.0,0.986,31563.0,0.987,18068.0,0.988,15361.0,0.989,23926.0,14.0,20150731140658,0.005,0.51,0.986,0.978,0.985,731569.0,7183.0,0.0,0.0,0.82,0.0,0.0,0.0,1.078,0.882,0.14,0.45,0.024,0.386
0,150085,0.984,0.98,0.983,731619.0,431790.0,299829.0,0.984,42.0,0.983,30889.0,0.982,23782.0,0.981,4282.0,0.98,8383.0,0.985,244962.0,0.986,31463.0,0.987,18068.0,0.988,15361.0,0.989,23926.0,14.0,20150731140716,0.004,0.41,0.986,0.978,0.985,731619.0,7184.0,0.0,0.0,0.82,0.0,0.0,0.0,1.078,0.882,0.14,0.45,0.024,0.386
0,150085,0.984,0.98,0.983,731661.0,431790.0,299871.0,0.983,30889.0,0.982,23782.0,0.981,4282.0,0.98,8383.0,0.979,4427.0,0.984,57.0,0.985,244962.0,0.986,31463.0,0.987,18068.0,0.988,15361.0,14.0,20150731140734,0.004,0.41,0.986,0.978,0.985,731661.0,7184.0,0.0,0.0,0.82,0.0,0.0,0.0,1.078,0.882,0.14,0.45,0.024,0.386
0,150085,0.984,0.98,0.983,731719.0,431848.0,299871.0,0.984,942.0,0.983,30889.0,0.982,23782.0,0.981,4282.0,0.98,8383.0,0.985,244962.0,0.986,31463.0,0.987,18068.0,0.988,15361.0,0.989,23926.0,14.0,20150731140752,0.004,0.41,0.986,0.978,0.985,731719.0,7185.0,0.0,0.0,0.82,0.0,0.0,0.0,1.078,0.882,0.14,0.45,0.024,0.386
0,150085,0.984,0.98,0.983,731719.0,431848.0,299871.0,0.984,942.0,0.983,30889.0,0.982,23782.0,0.981,4282.0,0.98,8383.0,0.985,244962.0,0.986,31463.0,0.987,18068.0,0.988,15361.0,0.989,23926.0,14.0,20150731140819,0.004,0.41,0.986,0.978,0.985,731719.0,7185.0,0.0,0.0,0.82,0.0,0.0,0.0,1.078,0.882,0.14,0.45,0.024,0.386
0,150085,0.984,0.98,0.983,731719.0,431848.0,299871.0,0.984,942.0,0.983,30889.0,0.982,23782.0,0.981,4282.0,0.98,8383.0,0.985,244962.0,0.986,31463.0,0.987,18068.0,0.988,15361.0,0.989,23926.0,14.0,20150731140834,0.004,0.41,0.986,0.978,0.985,731719.0,7185.0,0.0,0.0,0.82,0.0,0.0,0.0,1.078,0.882,0.14,0.45,0.024,0.386
0,150085,0.984,0.98,0.983,731719.0,431848.0,299871.0,0.984,942.0,0.983,30889.0,0.982,23782.0,0.981,4282.0,0.98,3202.0,0.985,244962.0,0.986,31463.0,0.987,18068.0,0.988,15361.0,0.989,23926.0,14.0,20150731140852,0.004,0.41,0.986,0.978,0.984,731719.0,7185.0,0.0,0.0,0.82,0.0,0.0,0.0,1.078,0.882,0.14,0.45,0.024,0.386
0,150085,0.984,0.98,0.983,731719.0,431848.0,299871.0,0.984,942.0,0.983,30889.0,0.982,23782.0,0.981,4282.0,0.98,3202.0,0.985,244962.0,0.986,31463.0,0.987,18068.0,0.988,15361.0,0.989,23926.0,14.0,20150731140913,0.004,0.41,0.986,0.978,0.984,731719.0,7185.0,0.0,0.0,0.82,0.0,0.0,0.0,1.078,0.882,0.14,0.45,0.024,0.386
0,150085,0.984,0.98,0.983,731828.0,431848.0,299980.0,0.984,833.0,0.983,30889.0,0.982,23782.0,0.981,4282.0,0.98,3202.0,0.985,244962.0,0.986,31463.0,0.987,18068.0,0.988,15361.0,0.989,23926.0,14.0,20150731140934,0.004,0.41,0.986,0.978,0.984,731828.0,7186.0,0.0,0.0,0.82,0.0,0.0,0.0,1.078,0.882,0.14,0.45,0.024,0.386
0,150085,0.984,0.98,0.983,731828.0,431848.0,299980.0,0.984,833.0,0.983,30889.0,0.982,23782.0,0.981,4282.0,0.98,3202.0,0.985,244962.0,0.986,31463.0,0.987,18068.0,0.988,15361.0,0.989,23926.0,14.0,20150731140952,0.004,0.41,0.986,0.978,0.984,731828.0,7186.0,0.0,0.0,0.82,0.0,0.0,0.0,1.078,0.882,0.14,0.45,0.024,0.386
0,150085,0.984,0.98,0.983,731828.0,431848.0,299980.0,0.984,833.0,0.983,30889.0,0.982,23782.0,0.981,4282.0,0.98,3202.0,0.985,244962.0,0.986,31463.0,0.987,18068.0,0.988,15361.0,0.989,23926.0,14.0,20150731141016,0.004,0.41,0.986,0.978,0.984,731828.0,7186.0,0.0,0.0,0.82,0.0,0.0,0.0,1.078,0.882,0.14,0.45,0.024,0.386
0,150085,0.984,0.98,0.983,731839.0,431848.0,299991.0,0.984,822.0,0.983,30889.0,0.982,23782.0,0.981,4282.0,0.98,3402.0,0.985,244962.0,0.986,31463.0,0.987,18068.0,0.988,15361.0,0.989,23926.0,14.0,20150731141034,0.004,0.41,0.986,0.978,0.984,731839.0,7186.0,0.0,0.0,0.82,0.0,0.0,0.0,1.078,0.882,0.14,0.45,0.024,0.386
0,150085,0.984,0.98,0.983,731839.0,431848.0,299991.0,0.984,822.0,0.983,30889.0,0.982,23782.0,0.981,4282.0,0.98,4402.0,0.985,244962.0,0.986,31463.0,0.987,18068.0,0.988,15361.0,0.989,23926.0,14.0,20150731141101,0.004,0.41,0.986,0.978,0.984,731839.0,7186.0,0.0,0.0,0.82,0.0,0.0,0.0,1.078,0.882,0.14,0.45,0.024,0.386
0,150085,0.984,0.98,0.983,731839.0,431848.0,299991.0,0.984,822.0,0.983,30889.0,0.982,23782.0,0.981,4282.0,0.98,4402.0,0.985,244962.0,0.986,31463.0,0.987,18068.0,0.988,15361.0,0.989,23926.0,14.0,20150731141119,0.004,0.41,0.986,0.978,0.984,731839.0,7186.0,0.0,0.0,0.82,0.0,0.0,0.0,1.078,0.882,0.14,0.45,0.024,0.386
0,150085,0.984,0.98,0.983,731839.0,431848.0,299991.0,0.984,822.0,0.983,30889.0,0.982,23782.0,0.981,4282.0,0.98,4402.0,0.985,244962.0,0.986,31463.0,0.987,18068.0,0.988,15361.0,0.989,23926.0,14.0,20150731141143,0.004,0.41,0.986,0.978,0.984,731839.0,7186.0,0.0,0.0,0.82,0.0,0.0,0.0,1.078,0.882,0.14,0.45,0.024,0.386
0,150085,0.984,0.98,0.983,731839.0,431848.0,299991.0,0.984,822.0,0.983,30889.0,0.982,23782.0,0.981,4282.0,0.98,4402.0,0.985,244962.0,0.986,31463.0,0.987,18068.0,0.988,15361.0,0.989,23926.0,14.0,20150731141201,0.004,0.41,0.986,0.978,0.984,731839.0,7186.0,0.0,0.0,0.82,0.0,0.0,0.0,1.078,0.882,0.14,0.45,0.024,0.386
0,150085,0.984,0.98,0.983,731839.0,431848.0,299991.0,0.984,822.0,0.983,30889.0,0.982,23782.0,0.981,4282.0,0.98,4402.0,0.985,244962.0,0.986,31463.0,0.987,18068.0,0.988,15361.0,0.989,23926.0,14.0,20150731141222,0.004,0.41,0.986,0.978,0.984,731839.0,7186.0,0.0,0.0,0.82,0.0,0.0,0.0,1.078,0.882,0.14,0.45,0.024,0.386
0,150085,0.984,0.98,0.983,731839.0,431848.0,299991.0,0.984,822.0,0.983,30889.0,0.982,23782.0,0.981,4782.0,0.98,4402.0,0.985,244962.0,0.986,31463.0,0.987,18068.0,0.988,15361.0,0.989,23926.0,14.0,20150731141240,0.004,0.41,0.986,0.978,0.984,731839.0,7186.0,0.0,0.0,0.82,0.0,0.0,0.0,-1.0,-1.0,0.14,0.45,0.024,0.386
0,150085,0.984,0.98,0.983,731839.0,431848.0,299991.0,0.984,822.0,0.983,30889.0,0.982,23782.0,0.981,4782.0,0.98,4402.0,0.985,244962.0,0.986,31463.0,0.987,18068.0,0.988,15361.0,0.989,23926.0,14.0,20150731141258,0.004,0.41,0.986,0.978,0.984,731839.0,7186.0,0.0,0.0,0.82,0.0,0.0,0.0,-1.0,-1.0,0.14,0.45,0.024,0.386
0,150085,0.984,0.98,0.983,731839.0,431848.0,299991.0,0.984,822.0,0.983,30889.0,0.982,23782.0,0.981,4782.0,0.98,4909.0,0.985,244962.0,0.986,31463.0,0.987,18068.0,0.988,15361.0,0.989,23926.0,14.0,20150731141319,0.004,0.41,0.986,0.978,0.984,731839.0,7186.0,0.0,0.0,0.82,0.0,0.0,0.0,-1.0,-1.0,0.14,0.45,0.024,0.386
0,150085,0.984,0.98,0.983,731839.0,431848.0,299991.0,0.984,822.0,0.983,30889.0,0.982,23782.0,0.981,4782.0,0.98,4909.0,0.985,244962.0,0.986,31463.0,0.987,18068.0,0.988,15361.0,0.989,23926.0,14.0,20150731141343,0.004,0.41,0.986,0.978,0.984,731839.0,7186.0,0.0,0.0,0.82,0.0,0.0,0.0,-1.0,-1.0,0.14,0.45,0.024,0.386
0,150085,0.985,0.98,0.983,731939.0,431948.0,299991.0,0.984,822.0,0.983,30889.0,0.982,23782.0,0.981,4782.0,0.98,4909.0,0.985,244862.0,0.986,31463.0,0.987,18068.0,0.988,15361.0,0.989,23926.0,14.0,20150731141401,0.005,0.51,0.986,0.978,0.984,731939.0,7187.0,0.0,0.0,0.82,0.0,0.0,0.0,-1.0,-1.0,0.14,0.45,0.024,0.386
0,150085,0.984,0.98,0.983,732439.0,431948.0,300491.0,0.984,322.0,0.983,30889.0,0.982,23782.0,0.981,4782.0,0.98,4909.0,0.985,244862.0,0.986,31463.0,0.987,18068.0,0.988,15361.0,0.989,23926.0,14.0,20150731141425,0.004,0.41,0.986,0.978,0.985,732439.0,7192.0,0.0,0.0,0.82,0.0,0.0,0.0,1.078,0.882,0.14,0.45,0.024,0.386
0,150085,0.984,0.98,0.983,732439.0,431948.0,300491.0,0.984,322.0,0.983,30889.0,0.982,23782.0,0.981,4782.0,0.98,4909.0,0.985,244862.0,0.986,31463.0,0.987,18068.0,0.988,15361.0,0.989,23926.0,14.0,20150731141446,0.004,0.41,0.986,0.978,0.985,732439.0,7192.0,0.0,0.0,0.82,0.0,0.0,0.0,1.078,0.882,0.14,0.45,0.024,0.386
0,150085,0.984,0.98,0.983,732439.0,431948.0,300491.0,0.984,322.0,0.983,30889.0,0.982,23782.0,0.981,4782.0,0.98,4909.0,0.985,244862.0,0.986,31463.0,0.987,18068.0,0.988,15361.0,0.989,23926.0,14.0,20150731141507,0.004,0.41,0.986,0.978,0.985,732439.0,7192.0,0.0,0.0,0.82,0.0,0.0,0.0,1.078,0.882,0.14,0.45,0.024,0.386
0,150085,0.984,0.98,0.983,732439.0,431948.0,300491.0,0.984,322.0,0.983,30889.0,0.982,23782.0,0.981,4782.0,0.98,4909.0,0.985,244862.0,0.986,31463.0,0.987,18068.0,0.988,15361.0,0.989,23926.0,14.0,20150731141525,0.004,0.41,0.986,0.978,0.985,732439.0,7192.0,0.0,0.0,0.82,0.0,0.0,0.0,1.078,0.882,0.14,0.45,0.024,0.386
0,150085,0.984,0.98,0.983,732439.0,431948.0,300491.0,0.984,322.0,0.983,30889.0,0.982,23782.0,0.981,4782.0,0.98,3909.0,0.985,244862.0,0.986,31463.0,0.987,18068.0,0.988,15361.0,0.989,23926.0,14.0,20150731141555,0.004,0.41,0.986,0.978,0.984,732439.0,7192.0,0.0,0.0,0.82,0.0,0.0,0.0,-1.0,-1.0,0.14,0.45,0.024,0.386
0,150085,0.984,0.98,0.983,732861.0,431948.0,300913.0,0.983,30889.0,0.982,23782.0,0.981,4782.0,0.98,3909.0,0.979,4427.0,0.984,1577.0,0.985,244862.0,0.986,31463.0,0.987,18068.0,0.988,15361.0,14.0,20150731141616,0.004,0.41,0.986,0.978,0.984,732861.0,7196.0,0.0,0.0,0.82,0.0,0.0,0.0,-1.0,-1.0,0.14,0.449,0.024,0.386
0,150085,0.984,0.98,0.983,732861.0,431948.0,300913.0,0.983,30889.0,0.982,23782.0,0.981,4782.0,0.98,3909.0,0.979,4427.0,0.984,1577.0,0.985,244862.0,0.986,31463.0,0.987,18068.0,0.988,15361.0,14.0,20150731141634,0.004,0.41,0.986,0.978,0.984,732861.0,7196.0,0.0,0.0,0.82,0.0,0.0,0.0,1.078,0.882,0.14,0.449,0.024,0.386
0,150085,0.984,0.98,0.983,732861.0,431948.0,300913.0,0.983,30889.0,0.982,23782.0,0.981,4782.0,0.98,3909.0,0.979,4427.0,0.984,1577.0,0.985,244862.0,0.986,31463.0,0.987,18068.0,0.988,15361.0,14.0,20150731141701,0.004,0.41,0.986,0.978,0.984,732861.0,7196.0,0.0,0.0,0.82,0.0,0.0,0.0,1.078,0.882,0.14,0.449,0.024,0.386
0,150085,0.984,0.98,0.983,734439.0,433526.0,300913.0,0.984,58.0,0.983,30889.0,0.982,23782.0,0.981,4782.0,0.98,3179.0,0.985,244862.0,0.986,31463.0,0.987,18068.0,0.988,15361.0,0.989,23926.0,14.0,20150731141728,0.004,0.41,0.986,0.978,0.984,734439.0,7211.0,0.0,0.0,0.82,0.0,0.0,0.0,1.078,0.882,0.14,0.451,0.024,0.386
0,150085,0.984,0.98,0.983,734439.0,433526.0,300913.0,0.984,58.0,0.983,30889.0,0.982,23782.0,0.981,4782.0,0.98,3179.0,0.985,244862.0,0.986,31463.0,0.987,18068.0,0.988,15361.0,0.989,23926.0,14.0,20150731141749,0.004,0.41,0.986,0.978,0.984,734439.0,7211.0,0.0,0.0,0.82,0.0,0.0,0.0,1.078,0.882,0.14,0.451,0.024,0.386
0,150085,0.984,0.98,0.983,734497.0,433526.0,300971.0,0.983,28901.0,0.982,23782.0,0.981,4782.0,0.98,3179.0,0.979,4427.0,0.984,68.0,0.985,244862.0,0.986,31463.0,0.987,18068.0,0.988,15361.0,14.0,20150731141816,0.004,0.41,0.986,0.978,0.984,734497.0,7212.0,0.0,0.0,0.82,0.0,0.0,0.0,1.078,0.882,0.14,0.45,0.024,0.386
0,150085,0.984,0.98,0.983,734497.0,433526.0,300971.0,0.983,28901.0,0.982,23782.0,0.981,4782.0,0.98,3179.0,0.979,4427.0,0.984,68.0,0.985,244862.0,0.986,31463.0,0.987,18068.0,0.988,15361.0,14.0,20150731141831,0.004,0.41,0.986,0.978,0.984,734497.0,7212.0,0.0,0.0,0.82,0.0,0.0,0.0,1.078,0.882,0.14,0.45,0.024,0.386
0,150085,0.984,0.98,0.983,734497.0,433526.0,300971.0,0.983,28901.0,0.982,23782.0,0.981,4782.0,0.98,3179.0,0.979,4427.0,0.984,68.0,0.985,244862.0,0.986,31463.0,0.987,18068.0,0.988,15361.0,14.0,20150731141852,0.004,0.41,0.986,0.978,0.984,734497.0,7212.0,0.0,0.0,0.82,0.0,0.0,0.0,1.078,0.882,0.14,0.45,0.024,0.386
0,150085,0.984,0.98,0.983,734666.0,433695.0,300971.0,0.984,131.0,0.983,28901.0,0.982,24310.0,0.981,4782.0,0.98,3179.0,0.985,244862.0,0.986,31463.0,0.987,18068.0,0.988,15361.0,0.989,23926.0,14.0,20150731141922,0.004,0.41,0.986,0.978,0.984,734666.0,7214.0,0.0,0.0,0.82,0.0,0.0,0.0,1.078,0.882,0.14,0.451,0.024,0.386
0,150085,0.984,0.98,0.983,734666.0,433695.0,300971.0,0.984,2117.0,0.983,28901.0,0.982,24310.0,0.981,4782.0,0.98,3179.0,0.985,244862.0,0.986,31463.0,0.987,18068.0,0.988,15361.0,0.989,23926.0,14.0,20150731141946,0.004,0.41,0.986,0.978,0.984,734666.0,7214.0,0.0,0.0,0.82,0.0,0.0,0.0,1.078,0.882,0.14,0.451,0.024,0.386
0,150085,0.984,0.98,0.983,734666.0,433695.0,300971.0,0.984,2117.0,0.983,28901.0,0.982,24310.0,0.981,4782.0,0.98,3179.0,0.985,244862.0,0.986,31463.0,0.987,18068.0,0.988,15361.0,0.989,23926.0,14.0,20150731142007,0.004,0.41,0.986,0.978,0.984,734666.0,7214.0,0.0,0.0,0.82,0.0,0.0,0.0,1.078,0.882,0.14,0.451,0.024,0.386
0,150085,0.984,0.98,0.983,734666.0,433695.0,300971.0,0.984,2117.0,0.983,28901.0,0.982,24310.0,0.981,4782.0,0.98,3179.0,0.985,244862.0,0.986,31463.0,0.987,18068.0,0.988,15361.0,0.989,23926.0,14.0,20150731142028,0.004,0.41,0.986,0.978,0.984,734666.0,7214.0,0.0,0.0,0.82,0.0,0.0,0.0,1.078,0.882,0.14,0.451,0.024,0.386
0,150085,0.984,0.98,0.983,734666.0,433695.0,300971.0,0.984,2117.0,0.983,28901.0,0.982,24310.0,0.981,4782.0,0.98,3179.0,0.985,244862.0,0.986,31463.0,0.987,18068.0,0.988,15361.0,0.989,23926.0,14.0,20150731142052,0.004,0.41,0.986,0.978,0.984,734666.0,7214.0,0.0,0.0,0.82,0.0,0.0,0.0,1.078,0.882,0.14,0.451,0.024,0.386
0,150085,0.984,0.98,0.983,734666.0,433695.0,300971.0,0.984,8859.0,0.983,22153.0,0.982,24310.0,0.981,4782.0,0.98,3179.0,0.985,244862.0,0.986,31463.0,0.987,18068.0,0.988,15361.0,0.989,23926.0,14.0,20150731142158,0.004,0.41,0.986,0.978,0.984,734666.0,7214.0,0.0,0.0,0.82,0.0,0.0,0.0,1.078,0.882,0.14,0.451,0.024,0.386
0,150085,0.984,0.98,0.983,734666.0,433695.0,300971.0,0.984,8859.0,0.983,22153.0,0.982,24310.0,0.981,4782.0,0.98,3179.0,0.985,249862.0,0.986,31463.0,0.987,18068.0,0.988,15361.0,0.989,23926.0,14.0,20150731142219,0.004,0.41,0.986,0.978,0.984,734666.0,7214.0,0.0,0.0,0.82,0.0,0.0,0.0,-1.0,-1.0,0.14,0.451,0.024,0.386
0,150085,0.985,0.98,0.983,734766.0,433795.0,300971.0,0.984,8859.0,0.983,22153.0,0.982,24310.0,0.981,4782.0,0.98,3179.0,0.985,249762.0,0.986,36463.0,0.987,18068.0,0.988,15361.0,0.989,23926.0,14.0,20150731142240,0.005,0.51,0.986,0.978,0.984,734766.0,7215.0,0.0,0.0,0.82,0.0,0.0,0.0,-1.0,-1.0,0.14,0.451,0.024,0.386
0,150085,0.985,0.98,0.983,734766.0,433795.0,300971.0,0.984,8859.0,0.983,22153.0,0.982,24310.0,0.981,4782.0,0.98,3179.0,0.985,249762.0,0.986,36463.0,0.987,18068.0,0.988,15361.0,0.989,23926.0,14.0,20150731142307,0.005,0.51,0.986,0.978,0.984,734766.0,7215.0,0.0,0.0,0.82,0.0,0.0,0.0,-1.0,-1.0,0.14,0.451,0.024,0.386
0,150085,0.985,0.98,0.983,750086.0,449115.0,300971.0,0.984,8539.0,0.983,22153.0,0.982,24310.0,0.981,4782.0,0.98,3179.0,0.985,234762.0,0.986,36463.0,0.987,18068.0,0.988,15361.0,0.989,23926.0,14.0,20150731142328,0.005,0.51,0.986,0.978,0.985,750086.0,7366.0,0.0,0.0,0.82,0.0,0.0,0.0,1.078,0.882,0.157,0.441,0.024,0.378
0,150085,0.985,0.98,0.983,750086.0,449115.0,300971.0,0.984,8539.0,0.983,22153.0,0.982,24310.0,0.981,4782.0,0.98,3179.0,0.985,234762.0,0.986,36463.0,0.987,18068.0,0.988,15361.0,0.989,23926.0,14.0,20150731142349,0.005,0.51,0.986,0.978,0.985,750086.0,7366.0,0.0,0.0,0.82,0.0,0.0,0.0,1.078,0.882,0.157,0.441,0.024,0.378
0,150085,0.985,0.98,0.983,750086.0,449115.0,300971.0,0.984,8539.0,0.983,22153.0,0.982,24310.0,0.981,4782.0,0.98,3179.0,0.985,234762.0,0.986,36463.0,0.987,18068.0,0.988,15361.0,0.989,23926.0,14.0,20150731142410,0.005,0.51,0.986,0.978,0.985,750086.0,7366.0,0.0,0.0,0.82,0.0,0.0,0.0,1.078,0.882,0.157,0.441,0.024,0.378
0,150085,0.985,0.98,0.983,750086.0,449115.0,300971.0,0.984,8539.0,0.983,22153.0,0.982,24310.0,0.981,4782.0,0.98,3179.0,0.985,234762.0,0.986,36463.0,0.987,18068.0,0.988,15361.0,0.989,23926.0,14.0,20150731142431,0.005,0.51,0.986,0.978,0.985,750086.0,7366.0,0.0,0.0,0.82,0.0,0.0,0.0,-1.0,-1.0,0.157,0.441,0.024,0.378
0,150085,0.985,0.98,0.983,750186.0,449215.0,300971.0,0.984,8539.0,0.983,22153.0,0.982,24310.0,0.981,4782.0,0.98,3179.0,0.985,234662.0,0.986,36463.0,0.987,18068.0,0.988,15361.0,0.989,23926.0,14.0,20150731142455,0.005,0.51,0.986,0.978,0.985,750186.0,7367.0,0.0,0.0,0.82,0.0,0.0,0.0,-1.0,-1.0,0.157,0.442,0.024,0.378
0,150085,0.985,0.98,0.983,750186.0,449215.0,300971.0,0.984,8539.0,0.983,22153.0,0.982,24310.0,0.981,4782.0,0.98,3179.0,0.985,234662.0,0.986,36463.0,0.987,18068.0,0.988,15361.0,0.989,23926.0,14.0,20150731142513,0.005,0.51,0.986,0.978,0.985,750186.0,7367.0,0.0,0.0,0.82,0.0,0.0,0.0,1.078,0.882,0.157,0.442,0.024,0.378
0,150085,0.985,0.98,0.983,750186.0,449215.0,300971.0,0.984,8539.0,0.983,22153.0,0.982,24310.0,0.981,4782.0,0.98,3179.0,0.985,234662.0,0.986,36463.0,0.987,18068.0,0.988,15361.0,0.989,23926.0,14.0,20150731142538,0.005,0.51,0.986,0.978,0.985,750186.0,7367.0,0.0,0.0,0.82,0.0,0.0,0.0,-1.0,-1.0,0.157,0.442,0.024,0.378
0,150085,0.985,0.98,0.983,750186.0,449215.0,300971.0,0.984,18539.0,0.983,22153.0,0.982,24310.0,0.981,4782.0,0.98,3179.0,0.985,234662.0,0.986,36463.0,0.987,18068.0,0.988,15361.0,0.989,23926.0,14.0,20150731142602,0.005,0.51,0.986,0.978,0.985,750186.0,7367.0,0.0,0.0,0.82,0.0,0.0,0.0,-1.0,-1.0,0.157,0.442,0.024,0.378
0,150085,0.985,0.98,0.983,750186.0,449215.0,300971.0,0.984,18539.0,0.983,22153.0,0.982,23782.0,0.981,4782.0,0.98,3179.0,0.985,234662.0,0.986,36463.0,0.987,18068.0,0.988,15361.0,0.989,23926.0,14.0,20150731142623,0.005,0.51,0.986,0.978,0.985,750186.0,7367.0,0.0,0.0,0.82,0.0,0.0,0.0,1.078,0.882,0.157,0.442,0.024,0.378
0,150085,0.985,0.98,0.983,750186.0,449215.0,300971.0,0.984,18702.0,0.983,22153.0,0.982,23782.0,0.981,4782.0,0.98,3179.0,0.985,234662.0,0.986,36463.0,0.987,18068.0,0.988,15361.0,0.989,23926.0,14.0,20150731142647,0.005,0.51,0.986,0.978,0.985,750186.0,7367.0,0.0,0.0,0.82,0.0,0.0,0.0,1.078,0.882,0.157,0.442,0.024,0.378
0,150085,0.984,0.98,0.983,750236.0,449215.0,301021.0,0.984,18652.0,0.983,22153.0,0.982,23782.0,0.981,4782.0,0.98,3179.0,0.985,234662.0,0.986,36463.0,0.987,18068.0,0.988,15361.0,0.989,23926.0,14.0,20150731142708,0.004,0.41,0.986,0.978,0.985,750236.0,7367.0,0.0,0.0,0.82,0.0,0.0,0.0,1.078,0.882,0.157,0.442,0.024,0.378
0,150085,0.984,0.98,0.983,750236.0,449215.0,301021.0,0.984,18652.0,0.983,22153.0,0.982,23782.0,0.981,4782.0,0.98,3179.0,0.985,234662.0,0.986,36463.0,0.987,18068.0,0.988,15361.0,0.989,23926.0,14.0,20150731142729,0.004,0.41,0.986,0.978,0.985,750236.0,7367.0,0.0,0.0,0.82,0.0,0.0,0.0,1.078,0.882,0.157,0.442,0.024,0.378
0,150085,0.984,0.98,0.983,750236.0,449215.0,301021.0,0.984,18652.0,0.983,22153.0,0.982,23782.0,0.981,4782.0,0.98,3179.0,0.985,234662.0,0.986,36463.0,0.987,18068.0,0.988,15361.0,0.989,23926.0,14.0,20150731142753,0.004,0.41,0.986,0.978,0.985,750236.0,7367.0,0.0,0.0,0.82,0.0,0.0,0.0,1.078,0.882,0.157,0.442,0.024,0.378
0,150085,0.984,0.98,0.983,750236.0,449215.0,301021.0,0.984,18752.0,0.983,22153.0,0.982,23782.0,0.981,4782.0,0.98,3179.0,0.985,234662.0,0.986,36463.0,0.987,18068.0,0.988,15361.0,0.989,23926.0,14.0,20150731142820,0.004,0.41,0.986,0.978,0.984,750236.0,7367.0,0.0,0.0,0.82,0.0,0.0,0.0,1.078,0.882,0.157,0.442,0.024,0.378
0,150085,0.984,0.98,0.983,750236.0,449215.0,301021.0,0.984,18752.0,0.983,22153.0,0.982,23782.0,0.981,4782.0,0.98,3179.0,0.985,234662.0,0.986,36463.0,0.987,18068.0,0.988,15361.0,0.989,23926.0,14.0,20150731142841,0.004,0.41,0.986,0.978,0.984,750236.0,7367.0,0.0,0.0,0.82,0.0,0.0,0.0,1.078,0.882,0.157,0.442,0.024,0.378
0,150085,0.984,0.98,0.983,750236.0,449215.0,301021.0,0.984,18752.0,0.983,22153.0,0.982,23782.0,0.981,4782.0,0.98,3179.0,0.985,234662.0,0.986,36463.0,0.987,18068.0,0.988,15361.0,0.989,23926.0,14.0,20150731142905,0.004,0.41,0.986,0.978,0.984,750236.0,7367.0,0.0,0.0,0.82,0.0,0.0,0.0,1.078,0.882,0.157,0.442,0.024,0.378
0,150085,0.984,0.98,0.983,750236.0,449215.0,301021.0,0.984,26752.0,0.983,22153.0,0.982,23782.0,0.981,4782.0,0.98,3179.0,0.985,234662.0,0.986,36463.0,0.987,18068.0,0.988,15361.0,0.989,23926.0,14.0,20150731142929,0.004,0.41,0.986,0.978,0.984,750236.0,7367.0,0.0,0.0,0.82,0.0,0.0,0.0,1.078,0.882,0.157,0.442,0.024,0.378
0,150085,0.985,0.98,0.983,756479.0,455458.0,301021.0,0.984,29036.0,0.983,22153.0,0.982,23782.0,0.981,4782.0,0.98,3179.0,0.985,228419.0,0.986,36463.0,0.987,18068.0,0.988,15361.0,0.989,23926.0,14.0,20150731142953,0.005,0.51,0.986,0.978,0.984,756479.0,7429.0,0.0,0.0,0.82,0.0,0.0,0.0,1.078,0.882,0.156,0.446,0.023,0.375
0,150085,0.985,0.98,0.983,756479.0,455458.0,301021.0,0.984,29036.0,0.983,22153.0,0.982,23782.0,0.981,4782.0,0.98,3179.0,0.985,228419.0,0.986,36463.0,0.987,18068.0,0.988,15361.0,0.989,23926.0,14.0,20150731143020,0.005,0.51,0.986,0.978,0.984,756479.0,7429.0,0.0,0.0,0.82,0.0,0.0,0.0,1.078,0.882,0.156,0.446,0.023,0.375
0,150085,0.985,0.98,0.983,756479.0,455458.0,301021.0,0.984,29036.0,0.983,22153.0,0.982,23782.0,0.981,4782.0,0.98,3179.0,0.985,228419.0,0.986,36463.0,0.987,18068.0,0.988,15361.0,0.989,23926.0,14.0,20150731143038,0.005,0.51,0.986,0.978,0.984,756479.0,7429.0,0.0,0.0,0.82,0.0,0.0,0.0,1.078,0.882,0.156,0.446,0.023,0.375
0,150085,0.985,0.98,0.983,756479.0,455458.0,301021.0,0.984,29036.0,0.983,22153.0,0.982,23782.0,0.981,4782.0,0.98,3179.0,0.985,228719.0,0.986,36463.0,0.987,18068.0,0.988,15361.0,0.989,23926.0,14.0,20150731143105,0.005,0.51,0.986,0.978,0.985,756479.0,7429.0,0.0,0.0,0.82,0.0,0.0,0.0,-1.0,-1.0,0.156,0.446,0.023,0.375
0,150085,0.985,0.98,0.983,756479.0,455458.0,301021.0,0.984,29036.0,0.983,22153.0,0.982,23782.0,0.981,4782.0,0.98,3179.0,0.985,228719.0,0.986,36463.0,0.987,18068.0,0.988,15361.0,0.989,23926.0,14.0,20150731143126,0.005,0.51,0.986,0.978,0.985,756479.0,7429.0,0.0,0.0,0.82,0.0,0.0,0.0,1.078,0.882,0.156,0.446,0.023,0.375
0,150085,0.985,0.98,0.983,756479.0,455458.0,301021.0,0.984,29036.0,0.983,22153.0,0.982,23782.0,0.981,4782.0,0.98,3179.0,0.985,228719.0,0.986,36463.0,0.987,18068.0,0.988,15361.0,0.989,23926.0,14.0,20150731143153,0.005,0.51,0.986,0.978,0.985,756479.0,7429.0,0.0,0.0,0.82,0.0,0.0,0.0,1.078,0.882,0.156,0.446,0.023,0.375
0,150085,0.985,0.98,0.983,756479.0,455458.0,301021.0,0.984,29036.0,0.983,22153.0,0.982,23782.0,0.981,4782.0,0.98,3179.0,0.985,228719.0,0.986,36463.0,0.987,18068.0,0.988,15361.0,0.989,23926.0,14.0,20150731143214,0.005,0.51,0.986,0.978,0.985,756479.0,7429.0,0.0,0.0,0.82,0.0,0.0,0.0,-1.0,-1.0,0.156,0.446,0.023,0.375
0,150085,0.985,0.98,0.983,756479.0,455458.0,301021.0,0.984,29177.0,0.983,22153.0,0.982,23782.0,0.981,4782.0,0.98,3179.0,0.985,228719.0,0.986,36463.0,0.987,18068.0,0.988,15361.0,0.989,23926.0,14.0,20150731143241,0.005,0.51,0.986,0.978,0.985,756479.0,7429.0,0.0,0.0,0.82,0.0,0.0,0.0,-1.0,-1.0,0.156,0.446,0.023,0.375
0,150085,0.985,0.98,0.983,756479.0,455458.0,301021.0,0.984,29177.0,0.983,22153.0,0.982,23782.0,0.981,4782.0,0.98,3179.0,0.985,228719.0,0.986,36463.0,0.987,18068.0,0.988,15361.0,0.989,23926.0,14.0,20150731143305,0.005,0.51,0.986,0.978,0.985,756479.0,7429.0,0.0,0.0,0.82,0.0,0.0,0.0,-1.0,-1.0,0.156,0.446,0.023,0.375
0,150085,0.985,0.98,0.983,756479.0,455458.0,301021.0,0.984,29177.0,0.983,22153.0,0.982,23782.0,0.981,4782.0,0.98,3179.0,0.985,228719.0,0.986,36463.0,0.987,18068.0,0.988,15361.0,0.989,23926.0,14.0,20150731143329,0.005,0.51,0.986,0.978,0.985,756479.0,7429.0,0.0,0.0,0.82,0.0,0.0,0.0,-1.0,-1.0,0.156,0.446,0.023,0.375
0,150085,0.985,0.98,0.983,756479.0,455458.0,301021.0,0.984,29177.0,0.983,22153.0,0.982,23782.0,0.981,4782.0,0.98,3179.0,0.985,228719.0,0.986,36463.0,0.987,18068.0,0.988,15361.0,0.989,23926.0,14.0,20150731143350,0.005,0.51,0.986,0.978,0.985,756479.0,7429.0,0.0,0.0,0.82,0.0,0.0,0.0,-1.0,-1.0,0.156,0.446,0.023,0.375
0,150085,0.985,0.98,0.983,756479.0,455458.0,301021.0,0.984,29177.0,0.983,22153.0,0.982,23782.0,0.981,4782.0,0.98,3179.0,0.985,228719.0,0.986,36463.0,0.987,18068.0,0.988,15361.0,0.989,23926.0,14.0,20150731143417,0.005,0.51,0.986,0.978,0.985,756479.0,7429.0,0.0,0.0,0.82,0.0,0.0,0.0,-1.0,-1.0,0.156,0.446,0.023,0.375
0,150085,0.985,0.98,0.983,756479.0,455458.0,301021.0,0.984,29177.0,0.983,22153.0,0.982,23782.0,0.981,4782.0,0.98,3179.0,0.985,229019.0,0.986,36463.0,0.987,18068.0,0.988,15361.0,0.989,23926.0,14.0,20150731143438,0.005,0.51,0.986,0.978,0.985,756479.0,7429.0,0.0,0.0,0.82,0.0,0.0,0.0,1.078,0.882,0.156,0.446,0.023,0.375
0,150085,0.984,0.98,0.983,758579.0,455458.0,303121.0,0.984,27077.0,0.983,22153.0,0.982,23782.0,0.981,4782.0,0.98,3179.0,0.985,229019.0,0.986,38463.0,0.987,18068.0,0.988,15361.0,0.989,23926.0,14.0,20150731143505,0.004,0.41,0.986,0.978,0.985,758579.0,7449.0,0.0,0.0,0.82,0.0,0.0,0.0,1.078,0.882,0.156,0.445,0.023,0.376
0,150085,0.984,0.98,0.983,758579.0,455458.0,303121.0,0.984,27077.0,0.983,22153.0,0.982,23782.0,0.981,4782.0,0.98,3179.0,0.985,229019.0,0.986,38463.0,0.987,18068.0,0.988,15361.0,0.989,23926.0,14.0,20150731143526,0.004,0.41,0.986,0.978,0.985,758579.0,7449.0,0.0,0.0,0.82,0.0,0.0,0.0,1.078,0.882,0.156,0.445,0.023,0.376
0,150085,0.984,0.98,0.983,758579.0,455458.0,303121.0,0.984,27341.0,0.983,22153.0,0.982,23782.0,0.981,4782.0,0.98,3179.0,0.985,229019.0,0.986,38463.0,0.987,18068.0,0.988,15361.0,0.989,23926.0,14.0,20150731143553,0.004,0.41,0.986,0.978,0.984,758579.0,7449.0,0.0,0.0,0.82,0.0,0.0,0.0,-1.0,-1.0,0.156,0.445,0.023,0.376
0,150085,0.984,0.98,0.983,758579.0,455458.0,303121.0,0.984,27341.0,0.983,22153.0,0.982,23782.0,0.981,4782.0,0.98,3179.0,0.985,229019.0,0.986,38463.0,0.987,18068.0,0.988,15361.0,0.989,23926.0,14.0,20150731143617,0.004,0.41,0.986,0.978,0.984,758579.0,7449.0,0.0,0.0,0.82,0.0,0.0,0.0,-1.0,-1.0,0.156,0.445,0.023,0.376
0,150085,0.984,0.98,0.983,758579.0,455458.0,303121.0,0.984,27341.0,0.983,22153.0,0.982,23782.0,0.981,4782.0,0.98,3179.0,0.985,229019.0,0.986,38463.0,0.987,18068.0,0.988,15361.0,0.989,23926.0,14.0,20150731143644,0.004,0.41,0.986,0.978,0.984,758579.0,7449.0,0.0,0.0,0.82,0.0,0.0,0.0,1.078,0.882,0.156,0.445,0.023,0.376
0,150085,0.985,0.98,0.983,860991.0,486925.0,374066.0,0.984,37476.0,0.983,22153.0,0.982,335.0,0.981,2779.0,0.98,2343.0,0.985,150712.0,0.986,37963.0,0.987,16968.0,0.988,14509.0,0.989,24403.0,15.0,20150731150137,0.005,0.51,0.986,0.978,0.985,860991.0,8458.0,0.0,0.0,0.82,0.0,0.0,0.0,1.078,0.882,0.137,0.429,0.097,0.337
0,150085,0.985,0.98,0.983,860991.0,486925.0,374066.0,0.984,37476.0,0.983,22153.0,0.982,335.0,0.981,2779.0,0.98,2343.0,0.985,150712.0,0.986,37963.0,0.987,16968.0,0.988,14509.0,0.989,24403.0,15.0,20150731150137,0.005,0.51,0.986,0.978,0.985,860991.0,8458.0,0.0,0.0,0.82,0.0,0.0,0.0,-1.0,-1.0,0.137,0.429,0.097,0.337
0,150085,0.985,0.98,0.983,860991.0,486925.0,374066.0,0.984,37476.0,0.983,22153.0,0.982,335.0,0.981,2779.0,0.98,2343.0,0.985,150712.0,0.986,37963.0,0.987,16968.0,0.988,14509.0,0.989,24403.0,15.0,20150731150137,0.005,0.51,0.986,0.978,0.985,860991.0,8458.0,0.0,0.0,0.82,0.0,0.0,0.0,1.078,0.882,0.137,0.429,0.097,0.337
