名称,﻿代码,﻿当前价格,﻿昨收,﻿今开,﻿成交量/手,﻿外盘,﻿内盘,﻿买一价,﻿买一量/手,﻿买二价,﻿买二量/手,﻿买三价,﻿买三量/手,﻿买四价,﻿买四量/手,﻿买五价,﻿买五量/手,﻿卖一价,﻿卖一量/手,﻿卖二价,﻿卖二量/手,﻿卖三价,﻿卖三量/手,﻿卖四价,﻿卖四量/手,﻿卖五价,﻿卖五量/手,﻿最近逐笔成交,﻿时间,﻿涨跌,﻿涨跌幅,﻿最高,﻿最低,﻿价格,﻿成交量/手,﻿成交额/万,﻿换手率,﻿市盈率,﻿振幅,﻿流通市值,﻿总市值,﻿市净率,﻿涨停价,﻿跌停价,﻿买盘大单,﻿买盘小单,﻿卖盘大单,﻿卖盘小单
0,150086,0.498,0.518,0.467,2880124.0,1184128.0,1695996.0,0.497,4671.0,0.496,1245.0,0.495,1533.0,0.494,598.0,0.493,677.0,0.498,3159.0,0.499,1442.0,0.5,8403.0,0.501,5094.0,0.502,5762.0,11.0,20150731113107,-0.02,-3.86,0.509,0.467,0.495,2880124.0,14035.0,0.0,0.0,8.11,0.0,0.0,0.0,0.57,0.466,0.023,0.383,0.109,0.485
0,150086,0.496,0.518,0.467,2887170.0,1184450.0,1702720.0,0.496,1443.0,0.495,1566.0,0.494,698.0,0.493,10.0,0.492,214.0,0.497,19020.0,0.498,100.0,0.499,660.0,0.5,8804.0,0.501,5194.0,13.0,20150731130009,-0.022,-4.25,0.509,0.467,0.498,2887170.0,14070.0,0.0,0.0,8.11,0.0,0.0,0.0,0.57,0.466,0.023,0.383,0.108,0.486
0,150086,0.497,0.518,0.467,2887777.0,1184957.0,1702820.0,0.496,1343.0,0.495,1566.0,0.494,698.0,0.493,10.0,0.492,214.0,0.497,18513.0,0.498,100.0,0.499,660.0,0.5,8904.0,0.501,5194.0,13.0,20150731130042,-0.021,-4.05,0.509,0.467,0.498,2887777.0,14073.0,0.0,0.0,8.11,0.0,0.0,0.0,0.57,0.466,0.023,0.383,0.108,0.486
0,150086,0.497,0.518,0.467,2888307.0,1485452.0,1402855.0,0.496,1650.0,0.495,1566.0,0.494,698.0,0.493,5276.0,0.492,214.0,0.497,17683.0,0.498,100.0,0.499,1060.0,0.5,8904.0,0.501,5194.0,13.0,20150731130109,-0.021,-4.05,0.509,0.467,0.497,2888307.0,14075.0,0.0,0.0,8.11,0.0,0.0,0.0,-1.0,-1.0,0.023,0.383,0.108,0.486
0,150086,0.497,0.518,0.467,2893461.0,1187141.0,1706320.0,0.494,283.0,0.493,5276.0,0.492,214.0,0.491,455.0,0.49,1237.0,0.497,12976.0,0.498,100.0,0.499,7060.0,0.5,8904.0,0.501,5194.0,13.0,20150731130145,-0.021,-4.05,0.509,0.467,0.497,2893461.0,14101.0,0.0,0.0,8.11,0.0,0.0,0.0,0.57,0.466,0.023,0.383,0.108,0.486
0,150086,0.497,0.518,0.467,2893744.0,1187424.0,1706320.0,0.495,10.0,0.494,675.0,0.493,5280.0,0.492,214.0,0.491,455.0,0.497,12149.0,0.498,100.0,0.499,7060.0,0.5,8904.0,0.501,5194.0,13.0,20150731130212,-0.021,-4.05,0.509,0.467,0.497,2893744.0,14102.0,0.0,0.0,8.11,0.0,0.0,0.0,0.57,0.466,0.023,0.383,0.108,0.486
0,150086,0.494,0.518,0.467,2897380.0,1190375.0,1707005.0,0.494,1035.0,0.493,5696.0,0.492,214.0,0.491,455.0,0.49,1237.0,0.497,11163.0,0.498,100.0,0.499,7060.0,0.5,8148.0,0.501,5194.0,13.0,20150731130248,-0.024,-4.63,0.509,0.467,0.497,2897380.0,14120.0,0.0,0.0,8.11,0.0,0.0,0.0,0.57,0.466,0.023,0.383,0.108,0.486
0,150086,0.494,0.518,0.467,2901656.0,1490340.0,1411316.0,0.494,30.0,0.493,423.0,0.492,214.0,0.491,465.0,0.49,1337.0,0.497,11163.0,0.498,100.0,0.499,7060.0,0.5,8148.0,0.501,5194.0,13.0,20150731130318,-0.024,-4.63,0.509,0.467,0.493,2901656.0,14141.0,0.0,0.0,8.11,0.0,0.0,0.0,-1.0,-1.0,0.023,0.383,0.108,0.486
0,150086,0.494,0.518,0.467,2902934.0,1491057.0,1411877.0,0.494,3556.0,0.493,623.0,0.492,214.0,0.491,665.0,0.49,3748.0,0.495,3000.0,0.497,10988.0,0.498,100.0,0.499,6660.0,0.5,8148.0,13.0,20150731130351,-0.024,-4.63,0.509,0.467,0.493,2902934.0,14148.0,0.0,0.0,8.11,0.0,0.0,0.0,-1.0,-1.0,0.023,0.383,0.108,0.486
0,150086,0.494,0.518,0.467,2904641.0,1491834.0,1412807.0,0.494,2118.0,0.493,423.0,0.492,214.0,0.491,1165.0,0.49,3798.0,0.495,4772.0,0.497,10988.0,0.498,500.0,0.499,6660.0,0.5,8148.0,13.0,20150731130424,-0.024,-4.63,0.509,0.467,0.494,2904641.0,14156.0,0.0,0.0,8.11,0.0,0.0,0.0,-1.0,-1.0,0.023,0.383,0.108,0.486
0,150086,0.494,0.518,0.467,2906433.0,1192216.0,1714217.0,0.494,525.0,0.493,423.0,0.492,514.0,0.491,1165.0,0.49,3298.0,0.495,4699.0,0.496,1000.0,0.497,10988.0,0.498,650.0,0.499,6660.0,13.0,20150731130454,-0.024,-4.63,0.509,0.467,0.494,2906433.0,14165.0,0.0,0.0,8.11,0.0,0.0,0.0,0.57,0.466,0.023,0.383,0.108,0.487
0,150086,0.493,0.518,0.467,2908940.0,1493221.0,1415719.0,0.493,347.0,0.491,1165.0,0.49,3616.0,0.489,804.0,0.488,50.0,0.494,500.0,0.495,4699.0,0.496,1000.0,0.497,10988.0,0.498,650.0,13.0,20150731130530,-0.025,-4.83,0.509,0.467,0.494,2908940.0,14177.0,0.0,0.0,8.11,0.0,0.0,0.0,-1.0,-1.0,0.023,0.383,0.107,0.487
0,150086,0.49,0.518,0.467,2910902.0,1193256.0,1717646.0,0.49,1242.0,0.489,804.0,0.488,50.0,0.487,202.0,0.486,5316.0,0.491,2335.0,0.492,192.0,0.493,623.0,0.494,800.0,0.495,128.0,13.0,20150731130600,-0.028,-5.41,0.509,0.467,0.49,2910902.0,14187.0,0.0,0.0,8.11,0.0,0.0,0.0,0.57,0.466,0.023,0.382,0.107,0.487
0,150086,0.491,0.518,0.467,2910912.0,1193266.0,1717646.0,0.49,1442.0,0.489,804.0,0.488,50.0,0.487,202.0,0.486,5316.0,0.491,2325.0,0.492,192.0,0.493,823.0,0.494,800.0,0.495,128.0,13.0,20150731130615,-0.027,-5.21,0.509,0.467,0.49,2910912.0,14187.0,0.0,0.0,8.11,0.0,0.0,0.0,0.57,0.466,0.023,0.382,0.107,0.487
0,150086,0.487,0.518,0.467,2920193.0,1198826.0,1721367.0,0.486,5316.0,0.485,2661.0,0.484,383.0,0.483,587.0,0.482,466.0,0.487,730.0,0.49,346.0,0.491,1725.0,0.492,9.0,0.493,723.0,13.0,20150731130642,-0.031,-5.98,0.509,0.467,0.49,2920193.0,14232.0,0.0,0.0,8.11,0.0,0.0,0.0,0.57,0.466,0.023,0.383,0.107,0.487
0,150086,0.487,0.518,0.467,2920995.0,1199628.0,1721367.0,0.487,1681.0,0.486,7251.0,0.485,2661.0,0.484,383.0,0.483,587.0,0.49,788.0,0.491,1725.0,0.493,723.0,0.494,800.0,0.495,1128.0,13.0,20150731130654,-0.031,-5.98,0.509,0.467,0.49,2920995.0,14236.0,0.0,0.0,8.11,0.0,0.0,0.0,0.57,0.466,0.023,0.383,0.107,0.487
0,150086,0.491,0.518,0.467,2924760.0,1202241.0,1722519.0,0.491,6427.0,0.49,200.0,0.488,1200.0,0.487,5425.0,0.486,7051.0,0.493,723.0,0.494,800.0,0.495,1128.0,0.496,4800.0,0.497,10963.0,13.0,20150731130727,-0.027,-5.21,0.509,0.467,0.487,2924760.0,14255.0,0.0,0.0,8.11,0.0,0.0,0.0,0.57,0.466,0.023,0.384,0.107,0.486
0,150086,0.496,0.518,0.467,2927584.0,1204991.0,1722593.0,0.493,1850.0,0.492,3185.0,0.49,1200.0,0.488,1250.0,0.487,7152.0,0.496,1018.0,0.497,10963.0,0.498,650.0,0.499,6660.0,0.5,8171.0,13.0,20150731130757,-0.022,-4.25,0.509,0.467,0.487,2927584.0,14269.0,0.0,0.0,8.11,0.0,0.0,0.0,0.57,0.466,0.023,0.384,0.107,0.486
0,150086,0.496,0.518,0.467,2927743.0,1205041.0,1722702.0,0.494,200.0,0.493,4370.0,0.492,3185.0,0.49,1800.0,0.488,1250.0,0.496,488.0,0.497,10963.0,0.498,650.0,0.499,6660.0,0.5,8171.0,13.0,20150731130815,-0.022,-4.25,0.509,0.467,0.496,2927743.0,14269.0,0.0,0.0,8.11,0.0,0.0,0.0,0.57,0.466,0.023,0.384,0.107,0.486
0,150086,0.494,0.518,0.467,2927943.0,1205041.0,1722902.0,0.493,4400.0,0.492,3185.0,0.491,9181.0,0.49,2001.0,0.488,1250.0,0.494,2282.0,0.495,3800.0,0.496,488.0,0.497,10963.0,0.498,650.0,13.0,20150731130830,-0.024,-4.63,0.509,0.467,0.496,2927943.0,14270.0,0.0,0.0,8.11,0.0,0.0,0.0,0.57,0.466,0.023,0.384,0.107,0.486
0,150086,0.493,0.518,0.467,2933798.0,1206496.0,1727302.0,0.492,3185.0,0.49,2001.0,0.488,1250.0,0.487,7002.0,0.486,7151.0,0.494,1127.0,0.495,3800.0,0.496,538.0,0.497,11213.0,0.498,650.0,13.0,20150731130854,-0.025,-4.83,0.509,0.467,0.496,2933798.0,14299.0,0.0,0.0,8.11,0.0,0.0,0.0,0.57,0.466,0.023,0.384,0.107,0.487
0,150086,0.493,0.518,0.467,2933798.0,1206496.0,1727302.0,0.493,4000.0,0.492,648.0,0.49,2037.0,0.488,1750.0,0.487,7002.0,0.494,1127.0,0.495,3800.0,0.496,538.0,0.497,11213.0,0.498,650.0,13.0,20150731130906,-0.025,-4.83,0.509,0.467,0.493,2933798.0,14299.0,0.0,0.0,8.11,0.0,0.0,0.0,0.57,0.466,0.023,0.384,0.107,0.487
0,150086,0.494,0.518,0.467,2935569.0,1507722.0,1427847.0,0.494,596.0,0.493,13884.0,0.492,648.0,0.491,80.0,0.49,1930.0,0.496,538.0,0.497,11213.0,0.498,650.0,0.499,6760.0,0.5,8231.0,13.0,20150731130933,-0.024,-4.63,0.509,0.467,0.493,2935569.0,14308.0,0.0,0.0,8.11,0.0,0.0,0.0,-1.0,-1.0,0.023,0.384,0.106,0.486
0,150086,0.496,0.518,0.467,2936716.0,1208579.0,1728137.0,0.496,1291.0,0.495,331.0,0.494,622.0,0.493,10527.0,0.492,648.0,0.497,11213.0,0.498,1150.0,0.499,6760.0,0.5,8231.0,0.501,6194.0,13.0,20150731131003,-0.022,-4.25,0.509,0.467,0.495,2936716.0,14314.0,0.0,0.0,8.11,0.0,0.0,0.0,0.57,0.466,0.023,0.384,0.106,0.486
0,150086,0.497,0.518,0.467,2940716.0,1212579.0,1728137.0,0.496,1291.0,0.495,331.0,0.494,622.0,0.493,10527.0,0.492,648.0,0.497,7213.0,0.498,1150.0,0.499,6760.0,0.5,8231.0,0.501,6194.0,13.0,20150731131018,-0.021,-4.05,0.509,0.467,0.495,2940716.0,14334.0,0.0,0.0,8.11,0.0,0.0,0.0,0.57,0.466,0.023,0.387,0.106,0.484
0,150086,0.5,0.518,0.467,2962567.0,1523682.0,1438885.0,0.499,55.0,0.498,241.0,0.496,311.0,0.495,331.0,0.494,2522.0,0.5,8577.0,0.501,7194.0,0.502,5335.0,0.503,4708.0,0.504,4331.0,13.0,20150731131149,-0.018,-3.47,0.509,0.467,0.498,2962567.0,14442.0,0.0,0.0,8.11,0.0,0.0,0.0,-1.0,-1.0,0.023,0.386,0.105,0.486
0,150086,0.499,0.518,0.467,2963407.0,1524331.0,1439076.0,0.498,241.0,0.496,311.0,0.495,331.0,0.494,2522.0,0.493,10003.0,0.499,109.0,0.5,7728.0,0.501,7194.0,0.502,5335.0,0.503,4758.0,13.0,20150731131158,-0.019,-3.67,0.509,0.467,0.498,2963407.0,14447.0,0.0,0.0,8.11,0.0,0.0,0.0,-1.0,-1.0,0.023,0.386,0.105,0.486
0,150086,0.499,0.518,0.467,2964092.0,1525016.0,1439076.0,0.498,308.0,0.496,2509.0,0.495,1142.0,0.494,2447.0,0.493,10003.0,0.499,2577.0,0.5,7628.0,0.501,7194.0,0.502,5335.0,0.503,4768.0,13.0,20150731131225,-0.019,-3.67,0.509,0.467,0.499,2964092.0,14450.0,0.0,0.0,8.11,0.0,0.0,0.0,-1.0,-1.0,0.023,0.386,0.105,0.486
0,150086,0.498,0.518,0.467,2966764.0,1525429.0,1441335.0,0.496,811.0,0.495,1142.0,0.494,2447.0,0.493,10103.0,0.492,1.0,0.498,647.0,0.499,6139.0,0.5,8424.0,0.501,7194.0,0.502,5035.0,13.0,20150731131255,-0.02,-3.86,0.509,0.467,0.499,2966764.0,14463.0,0.0,0.0,8.11,0.0,0.0,0.0,-1.0,-1.0,0.023,0.386,0.105,0.486
0,150086,0.498,0.518,0.467,2967618.0,1526283.0,1441335.0,0.498,55.0,0.496,1109.0,0.495,642.0,0.494,2892.0,0.493,10103.0,0.499,6527.0,0.5,8424.0,0.501,7194.0,0.502,5035.0,0.503,4788.0,13.0,20150731131328,-0.02,-3.86,0.509,0.467,0.498,2967618.0,14468.0,0.0,0.0,8.11,0.0,0.0,0.0,-1.0,-1.0,0.023,0.386,0.105,0.486
0,150086,0.498,0.518,0.467,2968367.0,1226518.0,1741849.0,0.498,1537.0,0.496,1109.0,0.495,942.0,0.494,2881.0,0.493,10103.0,0.499,6877.0,0.5,8474.0,0.501,7194.0,0.502,5019.0,0.503,4788.0,13.0,20150731131401,-0.02,-3.86,0.509,0.467,0.498,2968367.0,14471.0,0.0,0.0,8.11,0.0,0.0,0.0,0.57,0.466,0.023,0.386,0.105,0.486
0,150086,0.498,0.518,0.467,2969731.0,1226884.0,1742847.0,0.498,141.0,0.497,100.0,0.496,609.0,0.495,2642.0,0.494,2436.0,0.499,5942.0,0.5,9174.0,0.501,6194.0,0.502,5019.0,0.503,4788.0,13.0,20150731131428,-0.02,-3.86,0.509,0.467,0.498,2969731.0,14478.0,0.0,0.0,8.11,0.0,0.0,0.0,0.57,0.466,0.023,0.386,0.105,0.486
0,150086,0.498,0.518,0.467,2969873.0,1226884.0,1742989.0,0.497,120.0,0.496,609.0,0.495,3849.0,0.494,2005.0,0.493,10003.0,0.498,9127.0,0.499,6142.0,0.5,9174.0,0.501,6194.0,0.502,5019.0,13.0,20150731131446,-0.02,-3.86,0.509,0.467,0.498,2969873.0,14479.0,0.0,0.0,8.11,0.0,0.0,0.0,0.57,0.466,0.023,0.386,0.105,0.486
0,150086,0.498,0.518,0.467,2970393.0,1527349.0,1443044.0,0.497,220.0,0.496,1109.0,0.495,4043.0,0.494,2275.0,0.493,10003.0,0.498,9377.0,0.499,6242.0,0.5,10114.0,0.501,6194.0,0.502,5019.0,13.0,20150731131510,-0.02,-3.86,0.509,0.467,0.497,2970393.0,14481.0,0.0,0.0,8.11,0.0,0.0,0.0,-1.0,-1.0,0.023,0.386,0.105,0.486
0,150086,0.496,0.518,0.467,2973584.0,1529305.0,1444279.0,0.496,639.0,0.495,4043.0,0.494,2275.0,0.493,10003.0,0.492,117.0,0.497,900.0,0.498,10125.0,0.499,6302.0,0.5,9311.0,0.501,6194.0,13.0,20150731131543,-0.022,-4.25,0.509,0.467,0.497,2973584.0,14497.0,0.0,0.0,8.11,0.0,0.0,0.0,-1.0,-1.0,0.023,0.387,0.105,0.486
0,150086,0.495,0.518,0.467,2974306.0,1229360.0,1744946.0,0.495,3809.0,0.494,1775.0,0.493,3.0,0.492,117.0,0.491,96.0,0.496,3090.0,0.497,2901.0,0.498,9786.0,0.499,13485.0,0.5,9354.0,13.0,20150731131622,-0.023,-4.44,0.509,0.467,0.496,2974306.0,14501.0,0.0,0.0,8.11,0.0,0.0,0.0,0.57,0.466,0.023,0.387,0.105,0.486
0,150086,0.495,0.518,0.467,2976881.0,1229361.0,1747520.0,0.495,28.0,0.494,1775.0,0.493,303.0,0.492,1.0,0.491,596.0,0.496,3099.0,0.497,2901.0,0.498,9886.0,0.499,13685.0,0.5,9321.0,13.0,20150731131649,-0.023,-4.44,0.509,0.467,0.496,2976881.0,14514.0,0.0,0.0,8.11,0.0,0.0,0.0,0.57,0.466,0.022,0.386,0.105,0.486
0,150086,0.493,0.518,0.467,2979787.0,1529326.0,1450461.0,0.492,1.0,0.491,1803.0,0.49,3306.0,0.488,4615.0,0.487,5500.0,0.493,308.0,0.494,2147.0,0.495,9972.0,0.496,10498.0,0.497,1934.0,13.0,20150731131713,-0.025,-4.83,0.509,0.467,0.494,2979787.0,14528.0,0.0,0.0,8.11,0.0,0.0,0.0,-1.0,-1.0,0.022,0.386,0.105,0.487
0,150086,0.493,0.518,0.467,2980675.0,1529902.0,1450773.0,0.492,1739.0,0.491,1793.0,0.49,3300.0,0.488,4615.0,0.487,3700.0,0.493,9566.0,0.494,2047.0,0.495,9972.0,0.496,10217.0,0.497,1934.0,13.0,20150731131737,-0.025,-4.83,0.509,0.467,0.494,2980675.0,14532.0,0.0,0.0,8.11,0.0,0.0,0.0,-1.0,-1.0,0.022,0.386,0.105,0.487
0,150086,0.493,0.518,0.467,2980839.0,1229981.0,1750858.0,0.492,1729.0,0.491,2563.0,0.49,3401.0,0.488,4615.0,0.487,3820.0,0.493,9562.0,0.494,2047.0,0.495,9972.0,0.496,9236.0,0.497,1934.0,13.0,20150731131801,-0.025,-4.83,0.509,0.467,0.494,2980839.0,14533.0,0.0,0.0,8.11,0.0,0.0,0.0,0.57,0.466,0.022,0.386,0.105,0.487
0,150086,0.492,0.518,0.467,2983930.0,1230804.0,1753126.0,0.491,2563.0,0.49,3401.0,0.488,3865.0,0.487,3820.0,0.486,17051.0,0.492,1740.0,0.493,8802.0,0.494,2047.0,0.495,9972.0,0.496,9236.0,13.0,20150731131819,-0.026,-5.02,0.509,0.467,0.493,2983930.0,14548.0,0.0,0.0,8.11,0.0,0.0,0.0,0.57,0.466,0.022,0.386,0.105,0.487
0,150086,0.493,0.518,0.467,2993853.0,1236337.0,1757516.0,0.492,1591.0,0.491,1777.0,0.49,5415.0,0.489,1820.0,0.488,3868.0,0.493,6498.0,0.494,917.0,0.495,10412.0,0.496,8931.0,0.497,1901.0,13.0,20150731132101,-0.025,-4.83,0.509,0.467,0.492,2993853.0,14597.0,0.0,0.0,8.11,0.0,0.0,0.0,0.57,0.466,0.022,0.386,0.104,0.487
0,150086,0.492,0.518,0.467,2993863.0,1236337.0,1757526.0,0.492,1581.0,0.491,2626.0,0.49,5415.0,0.489,820.0,0.488,3869.0,0.493,6498.0,0.494,917.0,0.495,10481.0,0.496,8931.0,0.497,1901.0,13.0,20150731132122,-0.026,-5.02,0.509,0.467,0.493,2993863.0,14597.0,0.0,0.0,8.11,0.0,0.0,0.0,0.57,0.466,0.022,0.386,0.104,0.487
0,150086,0.491,0.518,0.467,2997734.0,1236878.0,1760856.0,0.491,309.0,0.49,5305.0,0.489,820.0,0.488,3869.0,0.487,5020.0,0.492,1167.0,0.493,7147.0,0.494,917.0,0.495,10412.0,0.496,8931.0,13.0,20150731132149,-0.027,-5.21,0.509,0.467,0.493,2997734.0,14616.0,0.0,0.0,8.11,0.0,0.0,0.0,0.57,0.466,0.022,0.386,0.104,0.487
0,150086,0.491,0.518,0.467,2998053.0,1236888.0,1761165.0,0.49,5505.0,0.489,2220.0,0.488,3869.0,0.487,4720.0,0.486,17071.0,0.491,781.0,0.492,1667.0,0.493,1905.0,0.494,917.0,0.495,10412.0,13.0,20150731132201,-0.027,-5.21,0.509,0.467,0.493,2998053.0,14618.0,0.0,0.0,8.11,0.0,0.0,0.0,0.57,0.466,0.022,0.385,0.104,0.488
0,150086,0.49,0.518,0.467,3003800.0,1537155.0,1466645.0,0.489,1200.0,0.488,3689.0,0.487,4720.0,0.486,17071.0,0.485,3036.0,0.49,3250.0,0.491,890.0,0.492,367.0,0.493,1905.0,0.494,917.0,13.0,20150731132228,-0.028,-5.41,0.509,0.467,0.491,3003800.0,14646.0,0.0,0.0,8.11,0.0,0.0,0.0,-1.0,-1.0,0.022,0.385,0.104,0.489
0,150086,0.488,0.518,0.467,3006382.0,1537155.0,1469227.0,0.488,3305.0,0.487,4720.0,0.486,17071.0,0.485,3036.0,0.484,429.0,0.489,2220.0,0.49,2515.0,0.491,840.0,0.492,367.0,0.493,1836.0,13.0,20150731132243,-0.03,-5.79,0.509,0.467,0.491,3006382.0,14659.0,0.0,0.0,8.11,0.0,0.0,0.0,-1.0,-1.0,0.022,0.385,0.104,0.489
0,150086,0.486,0.518,0.467,3031097.0,1238463.0,1792634.0,0.486,1266.0,0.485,750.0,0.484,383.0,0.483,1221.0,0.482,2350.0,0.487,3857.0,0.488,3973.0,0.489,2091.0,0.49,1075.0,0.491,740.0,13.0,20150731132358,-0.032,-6.18,0.509,0.467,0.488,3031097.0,14779.0,0.0,0.0,8.11,0.0,0.0,0.0,0.57,0.466,0.022,0.382,0.103,0.493
0,150086,0.486,0.518,0.467,3032908.0,1238769.0,1794139.0,0.485,550.0,0.484,683.0,0.483,1511.0,0.482,2949.0,0.481,4246.0,0.486,1993.0,0.487,4774.0,0.488,2936.0,0.49,885.0,0.491,5.0,13.0,20150731132431,-0.032,-6.18,0.509,0.467,0.486,3032908.0,14788.0,0.0,0.0,8.11,0.0,0.0,0.0,0.57,0.466,0.022,0.382,0.103,0.493
0,150086,0.485,0.518,0.467,3034922.0,1238847.0,1796075.0,0.485,1460.0,0.484,629.0,0.483,1511.0,0.482,2949.0,0.481,4247.0,0.486,319.0,0.487,4774.0,0.488,2936.0,0.49,885.0,0.491,5.0,13.0,20150731132440,-0.033,-6.37,0.509,0.467,0.486,3034922.0,14797.0,0.0,0.0,8.11,0.0,0.0,0.0,0.57,0.466,0.022,0.382,0.103,0.493
0,150086,0.486,0.518,0.467,3038640.0,1239815.0,1798825.0,0.486,2346.0,0.485,10.0,0.484,918.0,0.483,1761.0,0.482,2949.0,0.487,4774.0,0.488,2936.0,0.49,885.0,0.491,5.0,0.492,200.0,13.0,20150731132504,-0.032,-6.18,0.509,0.467,0.484,3038640.0,14815.0,0.0,0.0,8.11,0.0,0.0,0.0,0.57,0.466,0.022,0.382,0.103,0.493
0,150086,0.487,0.518,0.467,3039040.0,1240115.0,1798925.0,0.486,5757.0,0.485,33.0,0.484,918.0,0.483,2561.0,0.482,2949.0,0.487,4463.0,0.488,2936.0,0.49,885.0,0.491,5.0,0.492,200.0,13.0,20150731132513,-0.031,-5.98,0.509,0.467,0.484,3039040.0,14817.0,0.0,0.0,8.11,0.0,0.0,0.0,0.57,0.466,0.022,0.382,0.103,0.493
0,150086,0.488,0.518,0.467,3043708.0,1244113.0,1799595.0,0.487,2432.0,0.486,2086.0,0.485,643.0,0.484,3618.0,0.483,3061.0,0.488,213.0,0.49,885.0,0.491,5.0,0.492,200.0,0.493,1486.0,13.0,20150731132537,-0.03,-5.79,0.509,0.467,0.484,3043708.0,14840.0,0.0,0.0,8.11,0.0,0.0,0.0,0.57,0.466,0.022,0.382,0.103,0.493
0,150086,0.488,0.518,0.467,3043921.0,1244326.0,1799595.0,0.489,210.0,0.488,2501.0,0.487,2087.0,0.486,2586.0,0.485,867.0,0.49,885.0,0.491,5.0,0.492,200.0,0.493,1486.0,0.494,1055.0,13.0,20150731132558,-0.03,-5.79,0.509,0.467,0.484,3043921.0,14841.0,0.0,0.0,8.11,0.0,0.0,0.0,0.57,0.466,0.022,0.383,0.103,0.493
0,150086,0.49,0.518,0.467,3044816.0,1245221.0,1799595.0,0.49,1828.0,0.489,1571.0,0.488,2199.0,0.487,2037.0,0.486,2686.0,0.491,5.0,0.492,1200.0,0.493,1486.0,0.494,1055.0,0.495,10127.0,13.0,20150731132622,-0.028,-5.41,0.509,0.467,0.49,3044816.0,14846.0,0.0,0.0,8.11,0.0,0.0,0.0,0.57,0.466,0.022,0.383,0.103,0.493
0,150086,0.492,0.518,0.467,3044931.0,1245336.0,1799595.0,0.491,825.0,0.49,1828.0,0.489,1510.0,0.488,1742.0,0.487,2037.0,0.492,1220.0,0.493,1486.0,0.494,1400.0,0.495,10127.0,0.496,9121.0,13.0,20150731132634,-0.026,-5.02,0.509,0.467,0.49,3044931.0,14846.0,0.0,0.0,8.11,0.0,0.0,0.0,0.57,0.466,0.022,0.383,0.103,0.493
0,150086,0.492,0.518,0.467,3046351.0,1246756.0,1799595.0,0.492,303.0,0.491,1275.0,0.49,1761.0,0.489,1510.0,0.488,1718.0,0.493,1186.0,0.494,1400.0,0.495,10127.0,0.496,9121.0,0.497,1901.0,13.0,20150731132701,-0.026,-5.02,0.509,0.467,0.49,3046351.0,14853.0,0.0,0.0,8.11,0.0,0.0,0.0,0.57,0.466,0.022,0.383,0.103,0.492
0,150086,0.493,0.518,0.467,3046733.0,1247138.0,1799595.0,0.492,193.0,0.491,975.0,0.49,1761.0,0.489,1510.0,0.488,1718.0,0.493,1104.0,0.494,1400.0,0.495,10127.0,0.496,9121.0,0.497,1901.0,13.0,20150731132710,-0.025,-4.83,0.509,0.467,0.492,3046733.0,14855.0,0.0,0.0,8.11,0.0,0.0,0.0,0.57,0.466,0.022,0.383,0.102,0.493
0,150086,0.49,0.518,0.467,3050530.0,1547863.0,1502667.0,0.49,310.0,0.489,1510.0,0.488,1618.0,0.487,977.0,0.486,2336.0,0.493,1328.0,0.494,2567.0,0.495,10327.0,0.496,9121.0,0.497,1901.0,13.0,20150731132734,-0.028,-5.41,0.509,0.467,0.492,3050530.0,14874.0,0.0,0.0,8.11,0.0,0.0,0.0,-1.0,-1.0,0.022,0.383,0.102,0.493
0,150086,0.489,0.518,0.467,3053045.0,1248900.0,1804145.0,0.489,382.0,0.488,1997.0,0.487,1077.0,0.486,2289.0,0.485,342.0,0.49,478.0,0.491,1394.0,0.492,30.0,0.493,1971.0,0.494,3576.0,13.0,20150731132901,-0.029,-5.6,0.509,0.467,0.491,3053045.0,14886.0,0.0,0.0,8.11,0.0,0.0,0.0,0.57,0.466,0.022,0.383,0.102,0.493
0,150086,0.489,0.518,0.467,3053962.0,1249378.0,1804584.0,0.488,1997.0,0.487,1077.0,0.486,2209.0,0.485,342.0,0.484,3558.0,0.489,1146.0,0.49,423.0,0.491,1394.0,0.492,53.0,0.493,1971.0,13.0,20150731132925,-0.029,-5.6,0.509,0.467,0.489,3053962.0,14890.0,0.0,0.0,8.11,0.0,0.0,0.0,0.57,0.466,0.022,0.383,0.102,0.493
0,150086,0.489,0.518,0.467,3053962.0,1549142.0,1504820.0,0.488,1997.0,0.487,1077.0,0.486,2209.0,0.485,442.0,0.484,3558.0,0.489,2185.0,0.49,689.0,0.491,1394.0,0.492,53.0,0.493,1811.0,13.0,20150731132937,-0.029,-5.6,0.509,0.467,0.489,3053962.0,14890.0,0.0,0.0,8.11,0.0,0.0,0.0,-1.0,-1.0,0.022,0.383,0.102,0.493
0,150086,0.488,0.518,0.467,3059455.0,1251783.0,1807672.0,0.486,189.0,0.485,442.0,0.484,3558.0,0.483,3600.0,0.482,2849.0,0.488,3396.0,0.489,2945.0,0.49,1089.0,0.491,1394.0,0.492,53.0,13.0,20150731133007,-0.03,-5.79,0.509,0.467,0.488,3059455.0,14917.0,0.0,0.0,8.11,0.0,0.0,0.0,0.57,0.466,0.022,0.383,0.102,0.493
0,150086,0.488,0.518,0.467,3059460.0,1251788.0,1807672.0,0.486,279.0,0.485,442.0,0.484,3558.0,0.483,3600.0,0.482,2849.0,0.488,3391.0,0.489,2945.0,0.49,1021.0,0.492,53.0,0.493,1811.0,13.0,20150731133016,-0.03,-5.79,0.509,0.467,0.488,3059460.0,14917.0,0.0,0.0,8.11,0.0,0.0,0.0,0.57,0.466,0.022,0.383,0.102,0.493
0,150086,0.486,0.518,0.467,3060558.0,1551819.0,1508739.0,0.486,1643.0,0.485,698.0,0.484,1568.0,0.483,3550.0,0.482,2849.0,0.487,11.0,0.488,1462.0,0.489,2945.0,0.49,727.0,0.492,53.0,13.0,20150731133040,-0.032,-6.18,0.509,0.467,0.488,3060558.0,14923.0,0.0,0.0,8.11,0.0,0.0,0.0,-1.0,-1.0,0.022,0.383,0.102,0.493
0,150086,0.487,0.518,0.467,3060569.0,1551830.0,1508739.0,0.487,194.0,0.486,1643.0,0.485,698.0,0.484,1568.0,0.483,3550.0,0.488,1363.0,0.489,2945.0,0.49,727.0,0.492,53.0,0.493,1911.0,13.0,20150731133056,-0.031,-5.98,0.509,0.467,0.488,3060569.0,14923.0,0.0,0.0,8.11,0.0,0.0,0.0,-1.0,-1.0,0.022,0.383,0.102,0.493
0,150086,0.486,0.518,0.467,3061645.0,1252929.0,1808716.0,0.486,2306.0,0.485,1274.0,0.484,1568.0,0.483,3550.0,0.482,2949.0,0.487,1757.0,0.488,1145.0,0.489,2945.0,0.49,727.0,0.492,53.0,13.0,20150731133120,-0.032,-6.18,0.509,0.467,0.488,3061645.0,14928.0,0.0,0.0,8.11,0.0,0.0,0.0,0.57,0.466,0.022,0.383,0.102,0.493
0,150086,0.487,0.518,0.467,3061890.0,1253174.0,1808716.0,0.486,2161.0,0.485,1274.0,0.484,1568.0,0.483,3550.0,0.482,2949.0,0.487,2225.0,0.488,1145.0,0.489,2945.0,0.49,727.0,0.492,53.0,13.0,20150731133126,-0.031,-5.98,0.509,0.467,0.488,3061890.0,14929.0,0.0,0.0,8.11,0.0,0.0,0.0,0.57,0.466,0.022,0.383,0.102,0.493
0,150086,0.487,0.518,0.467,3064694.0,1253794.0,1810900.0,0.487,762.0,0.486,2179.0,0.485,1274.0,0.484,1568.0,0.483,3550.0,0.488,1145.0,0.489,2945.0,0.49,727.0,0.492,53.0,0.493,1811.0,13.0,20150731133147,-0.031,-5.98,0.509,0.467,0.488,3064694.0,14943.0,0.0,0.0,8.11,0.0,0.0,0.0,0.57,0.466,0.022,0.383,0.102,0.493
0,150086,0.487,0.518,0.467,3070415.0,1255491.0,1814924.0,0.487,9304.0,0.486,7366.0,0.485,2321.0,0.484,836.0,0.483,3550.0,0.488,1151.0,0.489,2945.0,0.49,727.0,0.492,103.0,0.493,1811.0,13.0,20150731133229,-0.031,-5.98,0.509,0.467,0.487,3070415.0,14971.0,0.0,0.0,8.11,0.0,0.0,0.0,0.57,0.466,0.022,0.383,0.102,0.494
0,150086,0.489,0.518,0.467,3075201.0,1259139.0,1816062.0,0.489,1957.0,0.488,3033.0,0.487,9274.0,0.486,2059.0,0.485,2332.0,0.49,1146.0,0.492,104.0,0.493,1781.0,0.494,2659.0,0.495,10676.0,13.0,20150731133323,-0.029,-5.6,0.509,0.467,0.489,3075201.0,14994.0,0.0,0.0,8.11,0.0,0.0,0.0,0.57,0.466,0.022,0.384,0.102,0.493
0,150086,0.49,0.518,0.467,3076347.0,1260285.0,1816062.0,0.491,38.0,0.49,6474.0,0.489,247.0,0.488,2924.0,0.487,8274.0,0.492,104.0,0.493,1781.0,0.494,2446.0,0.495,10676.0,0.496,9121.0,13.0,20150731133338,-0.028,-5.41,0.509,0.467,0.489,3076347.0,15000.0,0.0,0.0,8.11,0.0,0.0,0.0,0.57,0.466,0.022,0.384,0.101,0.493
0,150086,0.491,0.518,0.467,3076983.0,1260472.0,1816511.0,0.491,43.0,0.49,5913.0,0.489,9680.0,0.488,3321.0,0.487,8274.0,0.492,28.0,0.493,1781.0,0.494,2446.0,0.495,10676.0,0.496,9121.0,13.0,20150731133359,-0.027,-5.21,0.509,0.467,0.489,3076983.0,15003.0,0.0,0.0,8.11,0.0,0.0,0.0,0.57,0.466,0.022,0.384,0.101,0.493
0,150086,0.491,0.518,0.467,3077594.0,1261040.0,1816554.0,0.49,5913.0,0.489,9680.0,0.488,3121.0,0.487,8274.0,0.486,1874.0,0.491,1651.0,0.492,10.0,0.493,2043.0,0.494,2246.0,0.495,10776.0,13.0,20150731133420,-0.027,-5.21,0.509,0.467,0.491,3077594.0,15006.0,0.0,0.0,8.11,0.0,0.0,0.0,0.57,0.466,0.022,0.384,0.101,0.493
0,150086,0.491,0.518,0.467,3081470.0,1562300.0,1519170.0,0.49,3883.0,0.489,9680.0,0.488,2976.0,0.487,8274.0,0.486,1874.0,0.491,155.0,0.492,116.0,0.493,1943.0,0.494,2246.0,0.495,10776.0,13.0,20150731133441,-0.027,-5.21,0.509,0.467,0.491,3081470.0,15025.0,0.0,0.0,8.11,0.0,0.0,0.0,-1.0,-1.0,0.022,0.384,0.101,0.493
0,150086,0.49,0.518,0.467,3081546.0,1562300.0,1519246.0,0.49,4486.0,0.489,6680.0,0.488,2976.0,0.487,8274.0,0.486,1932.0,0.491,155.0,0.492,10.0,0.493,1943.0,0.494,2346.0,0.495,10776.0,13.0,20150731133453,-0.028,-5.41,0.509,0.467,0.491,3081546.0,15025.0,0.0,0.0,8.11,0.0,0.0,0.0,-1.0,-1.0,0.022,0.384,0.101,0.493
0,150086,0.492,0.518,0.467,3083745.0,1264631.0,1819114.0,0.492,2.0,0.491,1015.0,0.49,9352.0,0.489,247.0,0.488,2429.0,0.493,1893.0,0.494,2346.0,0.495,10576.0,0.496,9121.0,0.497,2197.0,13.0,20150731133523,-0.026,-5.02,0.509,0.467,0.491,3083745.0,15036.0,0.0,0.0,8.11,0.0,0.0,0.0,0.57,0.466,0.022,0.384,0.101,0.493
0,150086,0.493,0.518,0.467,3083825.0,1264641.0,1819184.0,0.492,7657.0,0.491,1015.0,0.49,8673.0,0.489,247.0,0.488,2429.0,0.493,1883.0,0.494,2346.0,0.495,10576.0,0.496,9121.0,0.497,2197.0,13.0,20150731133535,-0.025,-4.83,0.509,0.467,0.491,3083825.0,15036.0,0.0,0.0,8.11,0.0,0.0,0.0,0.57,0.466,0.022,0.384,0.101,0.493
0,150086,0.492,0.518,0.467,3084049.0,1564405.0,1519644.0,0.492,7125.0,0.491,1015.0,0.49,8387.0,0.489,247.0,0.488,2429.0,0.493,1883.0,0.494,2141.0,0.495,10576.0,0.496,9121.0,0.497,2197.0,13.0,20150731133556,-0.026,-5.02,0.509,0.467,0.491,3084049.0,15037.0,0.0,0.0,8.11,0.0,0.0,0.0,-1.0,-1.0,0.022,0.384,0.101,0.493
0,150086,0.493,0.518,0.467,3086882.0,1266348.0,1820534.0,0.493,1433.0,0.492,7054.0,0.491,1075.0,0.49,8432.0,0.489,100.0,0.494,2441.0,0.495,10586.0,0.496,9121.0,0.497,2197.0,0.498,21310.0,13.0,20150731133620,-0.025,-4.83,0.509,0.467,0.493,3086882.0,15051.0,0.0,0.0,8.11,0.0,0.0,0.0,0.57,0.466,0.022,0.384,0.101,0.493
0,150086,0.494,0.518,0.467,3089837.0,1266403.0,1823434.0,0.493,359.0,0.492,139.0,0.491,1075.0,0.49,8432.0,0.489,5100.0,0.494,2386.0,0.495,10586.0,0.496,9121.0,0.497,2197.0,0.498,21310.0,13.0,20150731133626,-0.024,-4.63,0.509,0.467,0.493,3089837.0,15066.0,0.0,0.0,8.11,0.0,0.0,0.0,0.57,0.466,0.022,0.384,0.101,0.493
0,150086,0.494,0.518,0.467,3093945.0,1269589.0,1824356.0,0.494,7478.0,0.492,239.0,0.491,1015.0,0.49,8402.0,0.489,5100.0,0.495,10513.0,0.496,9121.0,0.497,3031.0,0.498,21315.0,0.499,11447.0,13.0,20150731133653,-0.024,-4.63,0.509,0.467,0.493,3093945.0,15086.0,0.0,0.0,8.11,0.0,0.0,0.0,0.57,0.466,0.022,0.385,0.101,0.493
0,150086,0.495,0.518,0.467,3100807.0,1275744.0,1825063.0,0.494,3682.0,0.493,100.0,0.492,2350.0,0.491,1015.0,0.49,8393.0,0.495,4923.0,0.496,9121.0,0.497,3431.0,0.498,21315.0,0.499,10947.0,13.0,20150731133711,-0.023,-4.44,0.509,0.467,0.494,3100807.0,15120.0,0.0,0.0,8.11,0.0,0.0,0.0,0.57,0.466,0.022,0.386,0.101,0.492
0,150086,0.495,0.518,0.467,3106484.0,1280667.0,1825817.0,0.495,2005.0,0.494,3682.0,0.493,100.0,0.492,2586.0,0.491,1015.0,0.496,9121.0,0.497,3431.0,0.498,21315.0,0.499,10447.0,0.5,18674.0,13.0,20150731133729,-0.023,-4.44,0.509,0.467,0.494,3106484.0,15148.0,0.0,0.0,8.11,0.0,0.0,0.0,0.57,0.466,0.022,0.387,0.1,0.491
0,150086,0.497,0.518,0.467,3118020.0,1291093.0,1826927.0,0.495,8137.0,0.494,1743.0,0.493,100.0,0.492,2586.0,0.491,965.0,0.497,1953.0,0.498,21215.0,0.499,3154.0,0.5,13562.0,0.501,5826.0,13.0,20150731133805,-0.021,-4.05,0.509,0.467,0.497,3118020.0,15206.0,0.0,0.0,8.11,0.0,0.0,0.0,0.57,0.466,0.021,0.389,0.1,0.49
0,150086,0.498,0.518,0.467,3131986.0,1304535.0,1827451.0,0.497,1644.0,0.496,3200.0,0.495,4546.0,0.494,1743.0,0.493,100.0,0.498,12713.0,0.499,2752.0,0.5,11202.0,0.501,5826.0,0.502,3190.0,13.0,20150731133841,-0.02,-3.86,0.509,0.467,0.497,3131986.0,15275.0,0.0,0.0,8.11,0.0,0.0,0.0,0.57,0.466,0.021,0.391,0.1,0.488
0,150086,0.498,0.518,0.467,3134772.0,1607085.0,1527687.0,0.497,1584.0,0.496,3200.0,0.495,4546.0,0.494,1743.0,0.493,100.0,0.498,9987.0,0.499,2552.0,0.5,9127.0,0.501,5846.0,0.502,3190.0,13.0,20150731133850,-0.02,-3.86,0.509,0.467,0.497,3134772.0,15289.0,0.0,0.0,8.11,0.0,0.0,0.0,-1.0,-1.0,0.021,0.392,0.099,0.488
0,150086,0.497,0.518,0.467,3137225.0,1307760.0,1829465.0,0.496,4400.0,0.495,3471.0,0.494,1743.0,0.493,100.0,0.492,2586.0,0.497,8232.0,0.498,9410.0,0.499,2552.0,0.5,8317.0,0.501,6146.0,13.0,20150731133908,-0.021,-4.05,0.509,0.467,0.497,3137225.0,15301.0,0.0,0.0,8.11,0.0,0.0,0.0,0.57,0.466,0.021,0.392,0.099,0.488
0,150086,0.496,0.518,0.467,3145823.0,1311993.0,1833830.0,0.495,3511.0,0.494,1743.0,0.493,100.0,0.492,2586.0,0.491,965.0,0.496,7427.0,0.497,15687.0,0.498,9776.0,0.499,2992.0,0.5,13571.0,13.0,20150731133932,-0.022,-4.25,0.509,0.467,0.497,3145823.0,15344.0,0.0,0.0,8.11,0.0,0.0,0.0,0.57,0.466,0.021,0.392,0.099,0.488
0,150086,0.496,0.518,0.467,3177956.0,1344126.0,1833830.0,0.496,3322.0,0.495,2044.0,0.494,1743.0,0.493,100.0,0.492,2586.0,0.497,25987.0,0.498,10976.0,0.499,2992.0,0.5,13721.0,0.501,5828.0,13.0,20150731134011,-0.022,-4.25,0.509,0.467,0.496,3177956.0,15503.0,0.0,0.0,8.11,0.0,0.0,0.0,0.57,0.466,0.021,0.398,0.098,0.483
0,150086,0.497,0.518,0.467,3188431.0,1354099.0,1834332.0,0.496,9259.0,0.495,2600.0,0.493,1404.0,0.492,2586.0,0.491,965.0,0.497,16014.0,0.498,10825.0,0.499,1808.0,0.5,13646.0,0.501,5828.0,13.0,20150731134038,-0.021,-4.05,0.509,0.467,0.496,3188431.0,15555.0,0.0,0.0,8.11,0.0,0.0,0.0,0.57,0.466,0.021,0.399,0.098,0.482
0,150086,0.498,0.518,0.467,3207111.0,1672543.0,1534568.0,0.497,2967.0,0.496,5985.0,0.495,2600.0,0.493,1404.0,0.492,2586.0,0.498,9209.0,0.499,1638.0,0.5,13346.0,0.501,5828.0,0.502,4007.0,13.0,20150731134132,-0.02,-3.86,0.509,0.467,0.497,3207111.0,15648.0,0.0,0.0,8.11,0.0,0.0,0.0,-1.0,-1.0,0.021,0.404,0.097,0.478
0,150086,0.5,0.518,0.467,3235835.0,1397197.0,1838638.0,0.5,7181.0,0.499,438.0,0.498,5210.0,0.497,2167.0,0.496,3715.0,0.501,5768.0,0.502,4007.0,0.503,5248.0,0.504,3730.0,0.505,8327.0,13.0,20150731134205,-0.018,-3.47,0.509,0.467,0.5,3235835.0,15791.0,0.0,0.0,8.11,0.0,0.0,0.0,0.57,0.466,0.021,0.408,0.096,0.475
0,150086,0.498,0.518,0.467,3254522.0,1400432.0,1854090.0,0.497,2057.0,0.496,3644.0,0.495,2600.0,0.493,600.0,0.492,2457.0,0.498,221.0,0.499,2738.0,0.5,11049.0,0.501,5840.0,0.502,4907.0,13.0,20150731134238,-0.02,-3.86,0.509,0.467,0.5,3254522.0,15885.0,0.0,0.0,8.11,0.0,0.0,0.0,0.57,0.466,0.021,0.407,0.096,0.477
0,150086,0.497,0.518,0.467,3264445.0,1406398.0,1858046.0,0.495,2156.0,0.493,600.0,0.492,2457.0,0.491,965.0,0.49,8414.0,0.496,928.0,0.497,5508.0,0.498,7077.0,0.499,4631.0,0.5,3961.0,13.0,20150731134317,-0.021,-4.05,0.509,0.467,0.497,3264445.0,15934.0,0.0,0.0,8.11,0.0,0.0,0.0,0.57,0.466,0.02,0.407,0.096,0.477
0,150086,0.493,0.518,0.467,3267912.0,1407398.0,1860514.0,0.493,2569.0,0.492,2457.0,0.491,1965.0,0.49,8414.0,0.489,5200.0,0.495,937.0,0.496,177.0,0.497,4020.0,0.498,1995.0,0.499,3314.0,13.0,20150731134350,-0.025,-4.83,0.509,0.467,0.497,3267912.0,15951.0,0.0,0.0,8.11,0.0,0.0,0.0,0.57,0.466,0.02,0.407,0.095,0.477
0,150086,0.493,0.518,0.467,3271393.0,1408416.0,1862976.0,0.493,2089.0,0.492,2457.0,0.491,4065.0,0.49,8435.0,0.489,5200.0,0.494,1408.0,0.495,545.0,0.496,629.0,0.497,3844.0,0.498,2053.0,13.0,20150731134417,-0.025,-4.83,0.509,0.467,0.493,3271393.0,15968.0,0.0,0.0,8.11,0.0,0.0,0.0,0.57,0.466,0.02,0.407,0.095,0.478
0,150086,0.494,0.518,0.467,3273201.0,1409824.0,1863376.0,0.494,2722.0,0.493,2189.0,0.492,2957.0,0.491,4065.0,0.49,8435.0,0.495,882.0,0.496,629.0,0.497,3844.0,0.498,1902.0,0.499,3340.0,13.0,20150731134429,-0.024,-4.63,0.509,0.467,0.493,3273201.0,15977.0,0.0,0.0,8.11,0.0,0.0,0.0,0.57,0.466,0.02,0.407,0.095,0.477
0,150086,0.496,0.518,0.467,3275325.0,1411652.0,1863674.0,0.496,2631.0,0.495,3747.0,0.494,3342.0,0.493,2189.0,0.492,2957.0,0.497,3844.0,0.498,1852.0,0.499,2314.0,0.5,7994.0,0.501,5338.0,13.0,20150731134447,-0.022,-4.25,0.509,0.467,0.493,3275325.0,15988.0,0.0,0.0,8.11,0.0,0.0,0.0,0.57,0.466,0.02,0.407,0.095,0.477
0,150086,0.498,0.518,0.467,3278774.0,1415100.0,1863674.0,0.496,2744.0,0.495,28.0,0.494,2942.0,0.493,158.0,0.492,2957.0,0.498,1405.0,0.499,2714.0,0.5,7894.0,0.501,5338.0,0.502,4001.0,13.0,20150731134514,-0.02,-3.86,0.509,0.467,0.497,3278774.0,16005.0,0.0,0.0,8.11,0.0,0.0,0.0,0.57,0.466,0.02,0.408,0.095,0.477
0,150086,0.499,0.518,0.467,3286578.0,1720622.0,1565956.0,0.499,4762.0,0.498,60.0,0.497,881.0,0.496,1658.0,0.495,2201.0,0.5,8565.0,0.501,5527.0,0.502,4001.0,0.503,5063.0,0.504,1780.0,13.0,20150731134538,-0.019,-3.67,0.509,0.467,0.497,3286578.0,16044.0,0.0,0.0,8.11,0.0,0.0,0.0,-1.0,-1.0,0.02,0.409,0.095,0.476
0,150086,0.499,0.518,0.467,3293150.0,1722044.0,1571106.0,0.498,2700.0,0.497,881.0,0.496,866.0,0.495,2201.0,0.494,2942.0,0.499,2288.0,0.5,7730.0,0.501,5527.0,0.502,4001.0,0.503,5063.0,13.0,20150731134559,-0.019,-3.67,0.509,0.467,0.497,3293150.0,16077.0,0.0,0.0,8.11,0.0,0.0,0.0,-1.0,-1.0,0.02,0.408,0.095,0.477
0,150086,0.497,0.518,0.467,3294162.0,1423254.0,1870908.0,0.497,852.0,0.496,816.0,0.495,2201.0,0.494,2942.0,0.493,261.0,0.498,44.0,0.499,1762.0,0.5,8253.0,0.501,5711.0,0.502,4621.0,13.0,20150731134626,-0.021,-4.05,0.509,0.467,0.499,3294162.0,16082.0,0.0,0.0,8.11,0.0,0.0,0.0,0.57,0.466,0.02,0.408,0.095,0.477
0,150086,0.498,0.518,0.467,3296746.0,1424146.0,1872600.0,0.497,158.0,0.496,816.0,0.495,2201.0,0.494,2942.0,0.493,271.0,0.498,2036.0,0.499,3114.0,0.5,10460.0,0.501,5711.0,0.502,4621.0,13.0,20150731134650,-0.02,-3.86,0.509,0.467,0.499,3296746.0,16095.0,0.0,0.0,8.11,0.0,0.0,0.0,0.57,0.466,0.02,0.408,0.095,0.477
0,150086,0.5,0.518,0.467,3308257.0,1431206.0,1877052.0,0.499,9117.0,0.498,832.0,0.497,111.0,0.496,1290.0,0.495,2201.0,0.5,10078.0,0.501,5711.0,0.502,4606.0,0.503,4968.0,0.504,1780.0,13.0,20150731134726,-0.018,-3.47,0.509,0.467,0.499,3308257.0,16152.0,0.0,0.0,8.11,0.0,0.0,0.0,0.57,0.466,0.02,0.409,0.094,0.477
0,150086,0.499,0.518,0.467,3314741.0,1436794.0,1877946.0,0.499,5931.0,0.498,882.0,0.497,111.0,0.496,1290.0,0.495,2201.0,0.5,6819.0,0.501,5711.0,0.502,4606.0,0.503,4968.0,0.504,1780.0,13.0,20150731134738,-0.019,-3.67,0.509,0.467,0.499,3314741.0,16184.0,0.0,0.0,8.11,0.0,0.0,0.0,0.57,0.466,0.02,0.41,0.094,0.476
0,150086,0.5,0.518,0.467,3322743.0,1444796.0,1877946.0,0.5,2363.0,0.499,5881.0,0.498,882.0,0.497,1111.0,0.496,416.0,0.501,5261.0,0.502,4606.0,0.503,4968.0,0.504,1780.0,0.505,8562.0,13.0,20150731134802,-0.018,-3.47,0.509,0.467,0.5,3322743.0,16224.0,0.0,0.0,8.11,0.0,0.0,0.0,0.57,0.466,0.02,0.411,0.094,0.475
0,150086,0.5,0.518,0.467,3327479.0,1746648.0,1580830.0,0.5,7786.0,0.499,6181.0,0.498,882.0,0.497,1611.0,0.496,2205.0,0.501,5211.0,0.502,3406.0,0.503,5268.0,0.504,1780.0,0.505,8922.0,13.0,20150731134832,-0.018,-3.47,0.509,0.467,0.5,3327479.0,16248.0,0.0,0.0,8.11,0.0,0.0,0.0,-1.0,-1.0,0.02,0.411,0.094,0.475
0,150086,0.5,0.518,0.467,3332321.0,1747128.0,1585192.0,0.5,4668.0,0.499,6181.0,0.498,1506.0,0.497,1611.0,0.496,2205.0,0.501,3287.0,0.502,4359.0,0.503,5268.0,0.504,1780.0,0.505,8922.0,13.0,20150731134847,-0.018,-3.47,0.509,0.467,0.5,3332321.0,16272.0,0.0,0.0,8.11,0.0,0.0,0.0,-1.0,-1.0,0.02,0.411,0.094,0.475
0,150086,0.5,0.518,0.467,3339273.0,1449052.0,1890222.0,0.499,6263.0,0.498,1506.0,0.497,2111.0,0.496,2205.0,0.495,28.0,0.5,209.0,0.501,4539.0,0.502,4359.0,0.503,2840.0,0.504,2080.0,13.0,20150731134911,-0.018,-3.47,0.509,0.467,0.5,3339273.0,16307.0,0.0,0.0,8.11,0.0,0.0,0.0,0.57,0.466,0.02,0.411,0.093,0.476
0,150086,0.5,0.518,0.467,3341493.0,1450310.0,1891182.0,0.499,6263.0,0.498,1506.0,0.497,2011.0,0.496,2205.0,0.495,28.0,0.5,825.0,0.501,4589.0,0.502,4359.0,0.503,2840.0,0.504,2080.0,13.0,20150731134923,-0.018,-3.47,0.509,0.467,0.5,3341493.0,16318.0,0.0,0.0,8.11,0.0,0.0,0.0,0.57,0.466,0.02,0.411,0.093,0.476
0,150086,0.501,0.518,0.467,3349717.0,1458534.0,1891182.0,0.501,1323.0,0.499,7955.0,0.498,1693.0,0.497,2011.0,0.496,2205.0,0.502,4359.0,0.503,2840.0,0.504,2280.0,0.505,8922.0,0.506,1875.0,13.0,20150731134950,-0.017,-3.28,0.509,0.467,0.5,3349717.0,16359.0,0.0,0.0,8.11,0.0,0.0,0.0,0.57,0.466,0.02,0.412,0.093,0.475
0,150086,0.501,0.518,0.467,3353925.0,1458534.0,1895390.0,0.501,316.0,0.5,573.0,0.499,7955.0,0.498,1693.0,0.497,2011.0,0.502,1422.0,0.503,2840.0,0.504,2304.0,0.505,8922.0,0.506,1875.0,13.0,20150731135003,-0.017,-3.28,0.509,0.467,0.501,3353925.0,16381.0,0.0,0.0,8.11,0.0,0.0,0.0,0.57,0.466,0.02,0.412,0.093,0.476
0,150086,0.501,0.518,0.467,3356639.0,1458884.0,1897754.0,0.499,7547.0,0.498,1693.0,0.497,2011.0,0.496,2205.0,0.495,28.0,0.5,500.0,0.501,21126.0,0.502,2239.0,0.503,2750.0,0.504,2304.0,13.0,20150731135030,-0.017,-3.28,0.509,0.467,0.501,3356639.0,16394.0,0.0,0.0,8.11,0.0,0.0,0.0,0.57,0.466,0.02,0.411,0.093,0.476
0,150086,0.499,0.518,0.467,3366868.0,1459704.0,1907164.0,0.499,477.0,0.498,1693.0,0.497,2011.0,0.496,2205.0,0.495,28.0,0.5,3755.0,0.501,21126.0,0.502,2239.0,0.503,2750.0,0.504,2280.0,13.0,20150731135042,-0.019,-3.67,0.509,0.467,0.501,3366868.0,16445.0,0.0,0.0,8.11,0.0,0.0,0.0,0.57,0.466,0.02,0.411,0.093,0.477
0,150086,0.497,0.518,0.467,3369818.0,1460708.0,1909110.0,0.497,1986.0,0.496,2205.0,0.495,78.0,0.494,2722.0,0.493,113.0,0.498,974.0,0.499,2810.0,0.5,12747.0,0.501,19292.0,0.502,2239.0,13.0,20150731135103,-0.021,-4.05,0.509,0.467,0.499,3369818.0,16460.0,0.0,0.0,8.11,0.0,0.0,0.0,0.57,0.466,0.02,0.41,0.092,0.477
0,150086,0.497,0.518,0.467,3370358.0,1460968.0,1909390.0,0.497,2309.0,0.496,2205.0,0.495,78.0,0.494,2722.0,0.493,113.0,0.498,459.0,0.499,3585.0,0.5,12451.0,0.501,19252.0,0.502,2176.0,13.0,20150731135121,-0.021,-4.05,0.509,0.467,0.499,3370358.0,16463.0,0.0,0.0,8.11,0.0,0.0,0.0,0.57,0.466,0.02,0.41,0.092,0.477
0,150086,0.498,0.518,0.467,3371955.0,1462348.0,1909608.0,0.497,2209.0,0.496,2205.0,0.495,78.0,0.494,2722.0,0.493,113.0,0.498,874.0,0.499,2321.0,0.5,10131.0,0.501,14883.0,0.502,2176.0,13.0,20150731135139,-0.02,-3.86,0.509,0.467,0.499,3371955.0,16471.0,0.0,0.0,8.11,0.0,0.0,0.0,0.57,0.466,0.02,0.411,0.092,0.477
0,150086,0.497,0.518,0.467,3372175.0,1462348.0,1909828.0,0.497,2392.0,0.496,2205.0,0.495,78.0,0.494,2722.0,0.493,101.0,0.498,2442.0,0.499,2634.0,0.5,9731.0,0.501,14683.0,0.502,2883.0,13.0,20150731135157,-0.021,-4.05,0.509,0.467,0.499,3372175.0,16472.0,0.0,0.0,8.11,0.0,0.0,0.0,0.57,0.466,0.02,0.411,0.092,0.477
0,150086,0.498,0.518,0.467,3376514.0,1466442.0,1910072.0,0.498,2024.0,0.497,2192.0,0.496,2205.0,0.495,50.0,0.494,2722.0,0.499,1634.0,0.5,8904.0,0.501,14843.0,0.502,2883.0,0.503,3450.0,13.0,20150731135221,-0.02,-3.86,0.509,0.467,0.498,3376514.0,16493.0,0.0,0.0,8.11,0.0,0.0,0.0,0.57,0.466,0.02,0.411,0.092,0.477
0,150086,0.498,0.518,0.467,3389470.0,1472490.0,1916980.0,0.498,5706.0,0.497,1692.0,0.496,2205.0,0.495,50.0,0.494,2722.0,0.5,4071.0,0.501,15343.0,0.502,2920.0,0.503,3450.0,0.504,2280.0,13.0,20150731135236,-0.02,-3.86,0.509,0.467,0.498,3389470.0,16558.0,0.0,0.0,8.11,0.0,0.0,0.0,0.57,0.466,0.02,0.412,0.092,0.477
0,150086,0.5,0.518,0.467,3392431.0,1775660.0,1616770.0,0.499,2143.0,0.498,5706.0,0.497,1289.0,0.496,2205.0,0.495,296.0,0.5,2101.0,0.501,15183.0,0.502,2992.0,0.503,3450.0,0.504,2280.0,13.0,20150731135303,-0.018,-3.47,0.509,0.467,0.499,3392431.0,16573.0,0.0,0.0,8.11,0.0,0.0,0.0,-1.0,-1.0,0.02,0.412,0.092,0.477
0,150086,0.5,0.518,0.467,3395491.0,1477772.0,1917720.0,0.499,984.0,0.498,6206.0,0.497,527.0,0.496,2205.0,0.495,296.0,0.5,573.0,0.501,15183.0,0.502,3002.0,0.503,3450.0,0.504,2280.0,13.0,20150731135321,-0.018,-3.47,0.509,0.467,0.499,3395491.0,16588.0,0.0,0.0,8.11,0.0,0.0,0.0,0.57,0.466,0.02,0.412,0.092,0.476
0,150086,0.5,0.518,0.467,3400740.0,1478744.0,1921996.0,0.499,986.0,0.498,6206.0,0.497,527.0,0.496,2205.0,0.495,296.0,0.5,3569.0,0.501,14183.0,0.502,3052.0,0.503,3250.0,0.504,2280.0,13.0,20150731135336,-0.018,-3.47,0.509,0.467,0.499,3400740.0,16614.0,0.0,0.0,8.11,0.0,0.0,0.0,0.57,0.466,0.02,0.412,0.092,0.477
0,150086,0.5,0.518,0.467,3401917.0,1780430.0,1621486.0,0.499,2526.0,0.498,6206.0,0.497,3527.0,0.496,2205.0,0.495,1296.0,0.5,5474.0,0.501,14215.0,0.502,3052.0,0.503,3300.0,0.504,2280.0,13.0,20150731135403,-0.018,-3.47,0.509,0.467,0.5,3401917.0,16620.0,0.0,0.0,8.11,0.0,0.0,0.0,-1.0,-1.0,0.02,0.412,0.092,0.477
0,150086,0.5,0.518,0.467,3405967.0,1483972.0,1921996.0,0.499,1632.0,0.498,6226.0,0.497,3527.0,0.496,2205.0,0.495,1296.0,0.5,2146.0,0.501,14215.0,0.502,3052.0,0.503,3300.0,0.504,2994.0,13.0,20150731135415,-0.018,-3.47,0.509,0.467,0.5,3405967.0,16640.0,0.0,0.0,8.11,0.0,0.0,0.0,0.57,0.466,0.02,0.413,0.091,0.476
0,150086,0.502,0.518,0.467,3429679.0,1807786.0,1621892.0,0.502,6271.0,0.501,6979.0,0.5,1668.0,0.499,1650.0,0.498,6226.0,0.503,1150.0,0.504,1994.0,0.505,9184.0,0.506,1716.0,0.507,4704.0,13.0,20150731135457,-0.016,-3.09,0.509,0.467,0.5,3429679.0,16759.0,0.0,0.0,8.11,0.0,0.0,0.0,-1.0,-1.0,0.019,0.417,0.091,0.473
0,150086,0.515,0.518,0.467,3497813.0,1564072.0,1933740.0,0.513,55959.0,0.512,464.0,0.511,441.0,0.51,10011.0,0.509,8361.0,0.515,870.0,0.516,351.0,0.517,4908.0,0.518,15567.0,0.519,6449.0,13.0,20150731135606,-0.003,-0.58,0.515,0.467,0.515,3497813.0,17105.0,0.0,0.0,9.27,0.0,0.0,0.0,0.57,0.466,0.019,0.425,0.089,0.466
0,150086,0.517,0.518,0.467,3507586.0,1573846.0,1933740.0,0.517,390.0,0.516,2198.0,0.515,3209.0,0.513,55659.0,0.512,5110.0,0.518,12918.0,0.519,6449.0,0.52,8538.0,0.521,4090.0,0.522,3047.0,13.0,20150731135618,-0.001,-0.19,0.518,0.467,0.515,3507586.0,17156.0,0.0,0.0,9.85,0.0,0.0,0.0,0.57,0.466,0.027,0.424,0.088,0.462
0,150086,0.522,0.518,0.467,3539501.0,1605700.0,1933800.0,0.521,50.0,0.52,31148.0,0.519,4115.0,0.518,19630.0,0.517,9883.0,0.522,2987.0,0.523,346.0,0.525,2642.0,0.526,1828.0,0.527,1420.0,13.0,20150731135639,0.004,0.77,0.522,0.467,0.515,3539501.0,17322.0,0.0,0.0,10.62,0.0,0.0,0.0,0.57,0.466,0.027,0.425,0.088,0.461
0,150086,0.53,0.518,0.467,3558143.0,1922532.0,1635610.0,0.53,4375.0,0.529,7995.0,0.528,601.0,0.527,457.0,0.526,1207.0,0.531,10.0,0.532,330.0,0.533,720.0,0.535,381.0,0.536,557.0,13.0,20150731135706,0.012,2.32,0.53,0.467,0.528,3558143.0,17420.0,0.0,0.0,12.16,0.0,0.0,0.0,-1.0,-1.0,0.027,0.426,0.088,0.46
0,150086,0.538,0.518,0.467,3562834.0,1626500.0,1936334.0,0.537,792.0,0.532,76.0,0.531,101.0,0.53,10809.0,0.529,10843.0,0.538,2457.0,0.539,1460.0,0.54,7669.0,0.541,90.0,0.542,400.0,13.0,20150731135721,0.02,3.86,0.538,0.467,0.528,3562834.0,17445.0,0.0,0.0,13.71,0.0,0.0,0.0,0.57,0.466,0.027,0.427,0.087,0.459
0,150086,0.538,0.518,0.467,3589331.0,1935410.0,1653920.0,0.537,681.0,0.533,7000.0,0.532,1000.0,0.531,1544.0,0.53,3098.0,0.538,557.0,0.539,200.0,0.54,4937.0,0.541,90.0,0.542,413.0,13.0,20150731135745,0.02,3.86,0.54,0.467,0.528,3589331.0,17587.0,0.0,0.0,14.09,0.0,0.0,0.0,-1.0,-1.0,0.026,0.428,0.087,0.459
0,150086,0.543,0.518,0.467,3606539.0,1950532.0,1656006.0,0.543,3562.0,0.541,1000.0,0.54,350.0,0.535,786.0,0.533,7000.0,0.544,1130.0,0.545,2037.0,0.546,45.0,0.547,200.0,0.548,1727.0,13.0,20150731135800,0.025,4.83,0.543,0.467,0.528,3606539.0,17680.0,0.0,0.0,14.67,0.0,0.0,0.0,-1.0,-1.0,0.026,0.429,0.086,0.459
0,150086,0.537,0.518,0.467,3617731.0,1651440.0,1966292.0,0.535,98.0,0.534,100.0,0.532,1000.0,0.53,2798.0,0.529,3500.0,0.537,300.0,0.538,1111.0,0.539,420.0,0.54,600.0,0.541,400.0,13.0,20150731135821,0.019,3.67,0.543,0.467,0.537,3617731.0,17741.0,0.0,0.0,14.67,0.0,0.0,0.0,0.57,0.466,0.026,0.429,0.086,0.459
0,150086,0.538,0.518,0.467,3634955.0,1658282.0,1976674.0,0.537,1111.0,0.532,456.0,0.53,2798.0,0.529,3500.0,0.528,505.0,0.538,914.0,0.54,50.0,0.541,200.0,0.542,60.0,0.543,11297.0,13.0,20150731135836,0.02,3.86,0.543,0.467,0.537,3634955.0,17833.0,0.0,0.0,14.67,0.0,0.0,0.0,0.57,0.466,0.026,0.433,0.085,0.456
0,150086,0.53,0.518,0.467,3649077.0,1980812.0,1668264.0,0.53,1604.0,0.523,700.0,0.522,175.0,0.521,3844.0,0.52,10232.0,0.532,20.0,0.533,500.0,0.535,970.0,0.537,1042.0,0.538,1370.0,13.0,20150731135857,0.012,2.32,0.543,0.467,0.543,3649077.0,17908.0,0.0,0.0,14.67,0.0,0.0,0.0,-1.0,-1.0,0.026,0.433,0.085,0.456
0,150086,0.522,0.518,0.467,3655694.0,1672050.0,1983644.0,0.521,3924.0,0.52,19.0,0.518,30.0,0.517,1629.0,0.515,496.0,0.522,1194.0,0.523,2374.0,0.525,200.0,0.528,2762.0,0.529,2039.0,13.0,20150731135924,0.004,0.77,0.543,0.467,0.53,3655694.0,17943.0,0.0,0.0,14.67,0.0,0.0,0.0,0.57,0.466,0.026,0.433,0.085,0.456
0,150086,0.523,0.518,0.467,3672174.0,1679848.0,1992326.0,0.523,1509.0,0.522,2849.0,0.518,4942.0,0.517,5504.0,0.515,496.0,0.528,3507.0,0.529,4030.0,0.53,2308.0,0.532,20.0,0.533,700.0,13.0,20150731135939,0.005,0.97,0.543,0.467,0.53,3672174.0,18029.0,0.0,0.0,14.67,0.0,0.0,0.0,0.57,0.466,0.026,0.433,0.084,0.457
0,150086,0.525,0.518,0.467,3689490.0,1998742.0,1690748.0,0.525,502.0,0.523,279.0,0.521,1542.0,0.52,3401.0,0.519,159.0,0.527,772.0,0.529,500.0,0.53,2318.0,0.532,420.0,0.533,700.0,14.0,20150731140006,0.007,1.35,0.543,0.467,0.523,3689490.0,18120.0,0.0,0.0,14.67,0.0,0.0,0.0,-1.0,-1.0,0.026,0.433,0.084,0.457
0,150086,0.526,0.518,0.467,3697386.0,1694468.0,2002918.0,0.523,3533.0,0.521,802.0,0.52,7482.0,0.519,366.0,0.518,4942.0,0.526,50.0,0.527,772.0,0.529,376.0,0.53,2456.0,0.532,520.0,14.0,20150731140021,0.008,1.54,0.543,0.467,0.523,3697386.0,18161.0,0.0,0.0,14.67,0.0,0.0,0.0,0.57,0.466,0.026,0.434,0.084,0.456
0,150086,0.524,0.518,0.467,3702141.0,1695372.0,2006770.0,0.524,1831.0,0.523,12902.0,0.522,63.0,0.521,1614.0,0.52,4383.0,0.528,102.0,0.529,1233.0,0.53,2472.0,0.532,670.0,0.533,700.0,14.0,20150731140042,0.006,1.16,0.543,0.467,0.523,3702141.0,18186.0,0.0,0.0,14.67,0.0,0.0,0.0,0.57,0.466,0.026,0.434,0.084,0.457
0,150086,0.532,0.518,0.467,3715743.0,1700574.0,2015170.0,0.528,245.0,0.525,400.0,0.524,30.0,0.523,12786.0,0.522,363.0,0.532,1261.0,0.533,700.0,0.534,330.0,0.535,1070.0,0.536,218.0,14.0,20150731140103,0.014,2.7,0.543,0.467,0.53,3715743.0,18258.0,0.0,0.0,14.67,0.0,0.0,0.0,0.57,0.466,0.025,0.434,0.084,0.457
0,150086,0.529,0.518,0.467,3720075.0,1701480.0,2018594.0,0.529,1029.0,0.528,300.0,0.524,1918.0,0.523,12786.0,0.522,518.0,0.53,2355.0,0.531,3418.0,0.532,1334.0,0.533,200.0,0.534,542.0,14.0,20150731140127,0.011,2.12,0.543,0.467,0.53,3720075.0,18281.0,0.0,0.0,14.67,0.0,0.0,0.0,0.57,0.466,0.025,0.433,0.084,0.458
0,150086,0.527,0.518,0.467,3721850.0,1701692.0,2020158.0,0.525,725.0,0.524,2384.0,0.523,12786.0,0.522,455.0,0.521,550.0,0.527,181.0,0.528,179.0,0.529,8404.0,0.53,5785.0,0.531,3257.0,14.0,20150731140142,0.009,1.74,0.543,0.467,0.53,3721850.0,18290.0,0.0,0.0,14.67,0.0,0.0,0.0,0.57,0.466,0.025,0.433,0.084,0.458
0,150086,0.525,0.518,0.467,3727046.0,1703442.0,2023604.0,0.525,8378.0,0.524,5018.0,0.523,13862.0,0.522,455.0,0.521,850.0,0.528,3636.0,0.529,6380.0,0.53,5285.0,0.531,3257.0,0.532,1344.0,14.0,20150731140206,0.007,1.35,0.543,0.467,0.525,3727046.0,18318.0,0.0,0.0,14.67,0.0,0.0,0.0,0.57,0.466,0.025,0.433,0.083,0.458
0,150086,0.528,0.518,0.467,3730073.0,1703802.0,2026272.0,0.527,76.0,0.526,600.0,0.525,8941.0,0.524,5218.0,0.523,13796.0,0.528,3306.0,0.529,2936.0,0.53,6132.0,0.531,4057.0,0.532,1344.0,14.0,20150731140221,0.01,1.93,0.543,0.467,0.525,3730073.0,18333.0,0.0,0.0,14.67,0.0,0.0,0.0,0.57,0.466,0.025,0.433,0.083,0.458
0,150086,0.526,0.518,0.467,3734506.0,1707382.0,2027124.0,0.528,1062.0,0.527,1116.0,0.526,4147.0,0.525,11007.0,0.524,4165.0,0.529,2662.0,0.53,6482.0,0.531,4057.0,0.532,1344.0,0.533,200.0,14.0,20150731140248,0.008,1.54,0.543,0.467,0.525,3734506.0,18357.0,0.0,0.0,14.67,0.0,0.0,0.0,0.57,0.466,0.025,0.433,0.083,0.458
0,150086,0.528,0.518,0.467,3737380.0,1708220.0,2029160.0,0.528,5905.0,0.527,1116.0,0.526,5179.0,0.525,10977.0,0.524,3765.0,0.529,865.0,0.53,8482.0,0.531,839.0,0.532,1344.0,0.533,200.0,14.0,20150731140306,0.01,1.93,0.543,0.467,0.529,3737380.0,18372.0,0.0,0.0,14.67,0.0,0.0,0.0,0.57,0.466,0.025,0.433,0.083,0.459
0,150086,0.525,0.518,0.467,3758433.0,1709608.0,2048824.0,0.525,7095.0,0.524,3716.0,0.523,13466.0,0.522,163.0,0.521,500.0,0.527,3604.0,0.528,3629.0,0.529,4747.0,0.53,9170.0,0.531,839.0,14.0,20150731140330,0.007,1.35,0.543,0.467,0.529,3758433.0,18483.0,0.0,0.0,14.67,0.0,0.0,0.0,0.57,0.466,0.025,0.431,0.083,0.461
0,150086,0.525,0.518,0.467,3774687.0,1711658.0,2063028.0,0.523,12952.0,0.522,163.0,0.521,500.0,0.52,2475.0,0.519,207.0,0.525,6274.0,0.526,424.0,0.527,20.0,0.528,4442.0,0.529,4520.0,14.0,20150731140348,0.007,1.35,0.543,0.467,0.529,3774687.0,18569.0,0.0,0.0,14.67,0.0,0.0,0.0,0.57,0.466,0.025,0.428,0.082,0.464
0,150086,0.52,0.518,0.467,3793510.0,1716506.0,2077004.0,0.519,207.0,0.517,2233.0,0.516,65.0,0.515,200.0,0.513,800.0,0.52,1529.0,0.521,80.0,0.522,249.0,0.523,6738.0,0.524,3609.0,14.0,20150731140415,0.002,0.39,0.543,0.467,0.521,3793510.0,18667.0,0.0,0.0,14.67,0.0,0.0,0.0,0.57,0.466,0.025,0.429,0.082,0.464
0,150086,0.517,0.518,0.467,3796340.0,1717480.0,2078860.0,0.517,1835.0,0.516,65.0,0.515,200.0,0.513,800.0,0.512,190.0,0.519,2551.0,0.52,2728.0,0.521,5116.0,0.522,233.0,0.523,3809.0,14.0,20150731140430,-0.001,-0.19,0.543,0.467,0.521,3796340.0,18682.0,0.0,0.0,14.67,0.0,0.0,0.0,0.57,0.466,0.025,0.428,0.082,0.465
0,150086,0.511,0.518,0.467,3801965.0,1717938.0,2084027.0,0.511,663.0,0.51,339.0,0.509,274.0,0.508,100.0,0.507,550.0,0.515,703.0,0.516,846.0,0.517,1959.0,0.518,767.0,0.519,3912.0,14.0,20150731140457,-0.007,-1.35,0.543,0.467,0.521,3801965.0,18711.0,0.0,0.0,14.67,0.0,0.0,0.0,0.57,0.466,0.025,0.428,0.082,0.465
0,150086,0.51,0.518,0.467,3805706.0,1720167.0,2085539.0,0.507,601.0,0.505,1333.0,0.504,200.0,0.503,250.0,0.502,562.0,0.51,4137.0,0.511,269.0,0.515,318.0,0.516,883.0,0.517,3445.0,14.0,20150731140512,-0.008,-1.54,0.543,0.467,0.51,3805706.0,18730.0,0.0,0.0,14.67,0.0,0.0,0.0,0.57,0.466,0.025,0.428,0.082,0.465
0,150086,0.51,0.518,0.467,3810387.0,1723898.0,2086489.0,0.51,8639.0,0.509,500.0,0.508,3054.0,0.507,2702.0,0.505,3553.0,0.515,785.0,0.516,237.0,0.517,1772.0,0.518,797.0,0.519,4220.0,14.0,20150731140536,-0.008,-1.54,0.543,0.467,0.51,3810387.0,18753.0,0.0,0.0,14.67,0.0,0.0,0.0,0.57,0.466,0.025,0.429,0.082,0.465
0,150086,0.515,0.518,0.467,3812595.0,1724819.0,2087776.0,0.511,439.0,0.51,12116.0,0.509,500.0,0.508,2307.0,0.507,2762.0,0.515,276.0,0.516,237.0,0.517,1772.0,0.518,777.0,0.519,4220.0,14.0,20150731140555,-0.003,-0.58,0.543,0.467,0.51,3812595.0,18765.0,0.0,0.0,14.67,0.0,0.0,0.0,0.57,0.466,0.025,0.429,0.082,0.465
0,150086,0.515,0.518,0.467,3816649.0,1726380.0,2090269.0,0.512,3132.0,0.511,13424.0,0.51,7588.0,0.508,2474.0,0.507,1196.0,0.515,12.0,0.516,364.0,0.517,1772.0,0.518,747.0,0.519,1962.0,14.0,20150731140613,-0.003,-0.58,0.543,0.467,0.516,3816649.0,18785.0,0.0,0.0,14.67,0.0,0.0,0.0,0.57,0.466,0.025,0.429,0.081,0.465
0,150086,0.514,0.518,0.467,3820132.0,1727183.0,2092949.0,0.513,1751.0,0.512,5004.0,0.511,13430.0,0.51,8557.0,0.508,2524.0,0.514,60.0,0.515,379.0,0.516,986.0,0.517,1772.0,0.518,969.0,14.0,20150731140640,-0.004,-0.77,0.543,0.467,0.516,3820132.0,18803.0,0.0,0.0,14.67,0.0,0.0,0.0,0.57,0.466,0.025,0.429,0.081,0.465
0,150086,0.514,0.518,0.467,3823918.0,1729151.0,2094767.0,0.514,2219.0,0.513,1691.0,0.512,4892.0,0.511,13247.0,0.51,9154.0,0.516,3070.0,0.517,1272.0,0.518,969.0,0.519,1952.0,0.52,1175.0,14.0,20150731140704,-0.004,-0.77,0.543,0.467,0.515,3823918.0,18823.0,0.0,0.0,14.67,0.0,0.0,0.0,0.57,0.466,0.025,0.429,0.081,0.465
0,150086,0.515,0.518,0.467,3825368.0,1730044.0,2095324.0,0.514,2063.0,0.513,625.0,0.512,4892.0,0.511,13247.0,0.51,9154.0,0.515,832.0,0.516,2280.0,0.517,1042.0,0.518,146.0,0.519,1302.0,14.0,20150731140716,-0.003,-0.58,0.543,0.467,0.515,3825368.0,18830.0,0.0,0.0,14.67,0.0,0.0,0.0,0.57,0.466,0.025,0.429,0.081,0.465
0,150086,0.516,0.518,0.467,3828787.0,1732844.0,2095943.0,0.515,199.0,0.514,2120.0,0.513,625.0,0.512,6922.0,0.511,9527.0,0.516,145.0,0.517,1627.0,0.518,146.0,0.519,1712.0,0.52,1151.0,14.0,20150731140734,-0.002,-0.39,0.543,0.467,0.515,3828787.0,18848.0,0.0,0.0,14.67,0.0,0.0,0.0,0.57,0.466,0.025,0.429,0.081,0.465
0,150086,0.517,0.518,0.467,3830135.0,1734002.0,2096133.0,0.516,2733.0,0.515,699.0,0.514,1882.0,0.513,343.0,0.512,5292.0,0.517,614.0,0.518,146.0,0.519,1712.0,0.52,6311.0,0.521,2210.0,14.0,20150731140752,-0.001,-0.19,0.543,0.467,0.515,3830135.0,18855.0,0.0,0.0,14.67,0.0,0.0,0.0,0.57,0.466,0.025,0.429,0.081,0.465
0,150086,0.519,0.518,0.467,3833523.0,1737390.0,2096133.0,0.517,4392.0,0.516,2719.0,0.515,822.0,0.514,1402.0,0.513,396.0,0.519,838.0,0.52,6252.0,0.521,2356.0,0.522,733.0,0.524,50.0,14.0,20150731140819,0.001,0.19,0.543,0.467,0.517,3833523.0,18872.0,0.0,0.0,14.67,0.0,0.0,0.0,0.57,0.466,0.025,0.429,0.081,0.465
0,150086,0.52,0.518,0.467,3836194.0,1739602.0,2096592.0,0.519,357.0,0.517,3588.0,0.516,1428.0,0.515,822.0,0.514,1402.0,0.52,6028.0,0.521,2356.0,0.522,733.0,0.524,50.0,0.525,5565.0,14.0,20150731140834,0.002,0.39,0.543,0.467,0.517,3836194.0,18886.0,0.0,0.0,14.67,0.0,0.0,0.0,0.57,0.466,0.025,0.43,0.081,0.464
0,150086,0.519,0.518,0.467,3841083.0,1742891.0,2098192.0,0.518,74.0,0.517,4088.0,0.516,366.0,0.515,922.0,0.514,1402.0,0.519,1723.0,0.52,4304.0,0.521,156.0,0.522,733.0,0.524,212.0,14.0,20150731140855,0.001,0.19,0.543,0.467,0.517,3841083.0,18912.0,0.0,0.0,14.67,0.0,0.0,0.0,0.57,0.466,0.025,0.43,0.081,0.464
0,150086,0.518,0.518,0.467,3842163.0,1743897.0,2098266.0,0.518,794.0,0.517,4008.0,0.516,331.0,0.515,1029.0,0.514,1402.0,0.519,3033.0,0.52,5304.0,0.521,156.0,0.522,733.0,0.523,180.0,14.0,20150731140913,0.0,0.0,0.543,0.467,0.519,3842163.0,18917.0,0.0,0.0,14.67,0.0,0.0,0.0,0.57,0.466,0.025,0.43,0.081,0.464
0,150086,0.517,0.518,0.467,3846739.0,1747975.0,2098764.0,0.517,440.0,0.516,301.0,0.515,1029.0,0.514,1402.0,0.513,396.0,0.518,322.0,0.519,3132.0,0.52,5604.0,0.521,156.0,0.522,733.0,14.0,20150731140934,-0.001,-0.19,0.543,0.467,0.519,3846739.0,18941.0,0.0,0.0,14.67,0.0,0.0,0.0,0.57,0.466,0.025,0.431,0.081,0.464
0,150086,0.515,0.518,0.467,3848549.0,1748467.0,2100082.0,0.514,1402.0,0.513,396.0,0.512,3771.0,0.511,9453.0,0.51,8525.0,0.515,45.0,0.516,668.0,0.517,2965.0,0.518,2861.0,0.519,3132.0,14.0,20150731140952,-0.003,-0.58,0.543,0.467,0.519,3848549.0,18950.0,0.0,0.0,14.67,0.0,0.0,0.0,0.57,0.466,0.025,0.43,0.081,0.465
0,150086,0.511,0.518,0.467,3858189.0,1750467.0,2107722.0,0.511,7622.0,0.51,8413.0,0.508,1610.0,0.507,841.0,0.506,200.0,0.512,3031.0,0.514,2299.0,0.515,927.0,0.516,509.0,0.517,2705.0,14.0,20150731141016,-0.007,-1.35,0.543,0.467,0.514,3858189.0,19000.0,0.0,0.0,14.67,0.0,0.0,0.0,0.57,0.466,0.025,0.431,0.081,0.464
0,150086,0.512,0.518,0.467,3863721.0,1751987.0,2111734.0,0.511,2460.0,0.51,8413.0,0.508,1600.0,0.507,853.0,0.506,200.0,0.512,2661.0,0.515,927.0,0.517,2644.0,0.518,37.0,0.519,2672.0,14.0,20150731141034,-0.006,-1.16,0.543,0.467,0.514,3863721.0,19028.0,0.0,0.0,14.67,0.0,0.0,0.0,0.57,0.466,0.025,0.43,0.08,0.465
0,150086,0.512,0.518,0.467,3876138.0,1759702.0,2116436.0,0.512,1213.0,0.511,55.0,0.51,11213.0,0.508,1600.0,0.507,853.0,0.517,2045.0,0.518,37.0,0.519,2672.0,0.52,7197.0,0.521,156.0,14.0,20150731141101,-0.006,-1.16,0.543,0.467,0.512,3876138.0,19092.0,0.0,0.0,14.67,0.0,0.0,0.0,0.57,0.466,0.024,0.431,0.08,0.465
0,150086,0.513,0.518,0.467,3876786.0,1760133.0,2116653.0,0.513,50.0,0.512,1123.0,0.511,1080.0,0.51,11313.0,0.508,1600.0,0.515,711.0,0.517,1667.0,0.518,64.0,0.519,2272.0,0.52,7467.0,14.0,20150731141119,-0.005,-0.97,0.543,0.467,0.512,3876786.0,19095.0,0.0,0.0,14.67,0.0,0.0,0.0,0.57,0.466,0.024,0.431,0.08,0.465
0,150086,0.515,0.518,0.467,3876874.0,1760221.0,2116653.0,0.513,1196.0,0.512,1652.0,0.511,1085.0,0.51,11213.0,0.508,1600.0,0.514,110.0,0.515,2699.0,0.517,2748.0,0.518,280.0,0.519,2272.0,14.0,20150731141143,-0.003,-0.58,0.543,0.467,0.512,3876874.0,19095.0,0.0,0.0,14.67,0.0,0.0,0.0,0.57,0.466,0.024,0.431,0.08,0.465
0,150086,0.514,0.518,0.467,3881511.0,1763428.0,2118083.0,0.514,3542.0,0.513,1096.0,0.512,1752.0,0.511,1095.0,0.51,11314.0,0.517,2548.0,0.518,550.0,0.519,2320.0,0.52,7654.0,0.521,146.0,14.0,20150731141201,-0.004,-0.77,0.543,0.467,0.515,3881511.0,19119.0,0.0,0.0,14.67,0.0,0.0,0.0,0.57,0.466,0.024,0.431,0.08,0.464
0,150086,0.514,0.518,0.467,3882650.0,1763455.0,2119195.0,0.514,2430.0,0.512,1752.0,0.511,1095.0,0.51,11454.0,0.508,1600.0,0.515,126.0,0.517,2638.0,0.518,909.0,0.519,2320.0,0.52,7954.0,14.0,20150731141222,-0.004,-0.77,0.543,0.467,0.515,3882650.0,19125.0,0.0,0.0,14.67,0.0,0.0,0.0,0.57,0.466,0.024,0.431,0.08,0.465
0,150086,0.51,0.518,0.467,3888355.0,2074210.0,1814145.0,0.511,400.0,0.51,11344.0,0.508,1600.0,0.507,853.0,0.506,500.0,0.512,525.0,0.513,769.0,0.514,1411.0,0.515,8526.0,0.516,898.0,14.0,20150731141240,-0.008,-1.54,0.543,0.467,0.515,3888355.0,19154.0,0.0,0.0,14.67,0.0,0.0,0.0,-1.0,-1.0,0.024,0.43,0.08,0.465
0,150086,0.51,0.518,0.467,3897223.0,2074260.0,1822963.0,0.51,3470.0,0.508,1600.0,0.507,853.0,0.506,300.0,0.505,4453.0,0.511,667.0,0.512,865.0,0.513,769.0,0.514,1696.0,0.515,8507.0,14.0,20150731141258,-0.008,-1.54,0.543,0.467,0.515,3897223.0,19200.0,0.0,0.0,14.67,0.0,0.0,0.0,-1.0,-1.0,0.024,0.429,0.08,0.467
0,150086,0.508,0.518,0.467,3902026.0,2074317.0,1827709.0,0.508,676.0,0.507,853.0,0.505,4453.0,0.503,450.0,0.502,583.0,0.51,12907.0,0.511,867.0,0.512,825.0,0.513,834.0,0.514,1837.0,14.0,20150731141319,-0.01,-1.93,0.543,0.467,0.51,3902026.0,19224.0,0.0,0.0,14.67,0.0,0.0,0.0,-1.0,-1.0,0.024,0.429,0.08,0.467
0,150086,0.508,0.518,0.467,3905593.0,2074355.0,1831238.0,0.508,1823.0,0.507,853.0,0.506,200.0,0.505,4453.0,0.503,450.0,0.509,246.0,0.51,11708.0,0.511,100.0,0.512,825.0,0.513,834.0,14.0,20150731141343,-0.01,-1.93,0.543,0.467,0.51,3905593.0,19242.0,0.0,0.0,14.67,0.0,0.0,0.0,-1.0,-1.0,0.024,0.429,0.08,0.468
0,150086,0.509,0.518,0.467,3908259.0,2074878.0,1833381.0,0.508,1439.0,0.507,867.0,0.506,200.0,0.505,4692.0,0.503,450.0,0.509,1866.0,0.51,11561.0,0.511,100.0,0.512,825.0,0.513,834.0,14.0,20150731141401,-0.009,-1.74,0.543,0.467,0.51,3908259.0,19256.0,0.0,0.0,14.67,0.0,0.0,0.0,-1.0,-1.0,0.024,0.428,0.08,0.468
0,150086,0.508,0.518,0.467,3909676.0,1765591.0,2144085.0,0.508,1594.0,0.507,876.0,0.506,4454.0,0.505,4692.0,0.503,451.0,0.509,2894.0,0.51,10271.0,0.512,225.0,0.513,834.0,0.514,1142.0,14.0,20150731141425,-0.01,-1.93,0.543,0.467,0.509,3909676.0,19263.0,0.0,0.0,14.67,0.0,0.0,0.0,0.57,0.466,0.024,0.428,0.079,0.468
0,150086,0.506,0.518,0.467,3919715.0,1768532.0,2151183.0,0.506,2145.0,0.505,4692.0,0.503,1196.0,0.502,583.0,0.501,4035.0,0.509,428.0,0.51,10271.0,0.512,225.0,0.513,834.0,0.514,1142.0,14.0,20150731141446,-0.012,-2.32,0.543,0.467,0.509,3919715.0,19314.0,0.0,0.0,14.67,0.0,0.0,0.0,0.57,0.466,0.024,0.428,0.079,0.468
0,150086,0.508,0.518,0.467,3920687.0,1769504.0,2151183.0,0.506,1547.0,0.505,4692.0,0.503,1196.0,0.502,583.0,0.501,4035.0,0.508,885.0,0.509,2922.0,0.51,10371.0,0.512,625.0,0.513,834.0,14.0,20150731141507,-0.01,-1.93,0.543,0.467,0.508,3920687.0,19319.0,0.0,0.0,14.67,0.0,0.0,0.0,0.57,0.466,0.024,0.428,0.079,0.469
0,150086,0.505,0.518,0.467,3927967.0,1771076.0,2156891.0,0.503,1196.0,0.502,583.0,0.501,6355.0,0.5,6824.0,0.499,10064.0,0.505,1788.0,0.506,2140.0,0.507,520.0,0.508,921.0,0.509,2512.0,14.0,20150731141525,-0.013,-2.51,0.543,0.467,0.508,3927967.0,19356.0,0.0,0.0,14.67,0.0,0.0,0.0,0.57,0.466,0.024,0.428,0.079,0.469
0,150086,0.5,0.518,0.467,3943519.0,2081834.0,1861685.0,0.5,2648.0,0.499,10064.0,0.498,1910.0,0.497,3536.0,0.496,316.0,0.501,860.0,0.502,1353.0,0.503,743.0,0.504,1423.0,0.505,3767.0,14.0,20150731141555,-0.018,-3.47,0.543,0.467,0.508,3943519.0,19434.0,0.0,0.0,14.67,0.0,0.0,0.0,-1.0,-1.0,0.024,0.426,0.079,0.471
0,150086,0.5,0.518,0.467,3949664.0,2085150.0,1864514.0,0.499,10090.0,0.498,1910.0,0.497,3574.0,0.496,356.0,0.495,63.0,0.5,6782.0,0.501,1000.0,0.502,819.0,0.503,743.0,0.504,1423.0,14.0,20150731141616,-0.018,-3.47,0.543,0.467,0.501,3949664.0,19464.0,0.0,0.0,14.67,0.0,0.0,0.0,-1.0,-1.0,0.024,0.426,0.079,0.471
0,150086,0.498,0.518,0.467,3964143.0,1777461.0,2186682.0,0.498,1526.0,0.497,3785.0,0.496,356.0,0.495,63.0,0.494,2680.0,0.5,8043.0,0.501,1000.0,0.502,569.0,0.503,944.0,0.504,1423.0,14.0,20150731141634,-0.02,-3.86,0.543,0.467,0.501,3964143.0,19537.0,0.0,0.0,14.67,0.0,0.0,0.0,0.57,0.466,0.024,0.426,0.078,0.472
0,150086,0.497,0.518,0.467,3968000.0,1777506.0,2190494.0,0.497,2601.0,0.496,356.0,0.495,119.0,0.494,2680.0,0.493,207.0,0.498,3241.0,0.499,3982.0,0.5,6720.0,0.501,1000.0,0.502,69.0,14.0,20150731141701,-0.021,-4.05,0.543,0.467,0.501,3968000.0,19556.0,0.0,0.0,14.67,0.0,0.0,0.0,0.57,0.466,0.024,0.425,0.078,0.473
0,150086,0.497,0.518,0.467,3974074.0,1780854.0,2193220.0,0.495,542.0,0.494,2680.0,0.493,207.0,0.492,751.0,0.491,4585.0,0.496,250.0,0.498,144.0,0.499,2585.0,0.5,6122.0,0.501,1000.0,14.0,20150731141728,-0.021,-4.05,0.543,0.467,0.497,3974074.0,19586.0,0.0,0.0,14.67,0.0,0.0,0.0,0.57,0.466,0.024,0.425,0.078,0.473
0,150086,0.496,0.518,0.467,3976910.0,1783056.0,2193854.0,0.495,1828.0,0.494,2680.0,0.493,207.0,0.492,1801.0,0.491,4685.0,0.496,3359.0,0.497,4105.0,0.498,144.0,0.499,2185.0,0.5,6172.0,14.0,20150731141749,-0.022,-4.25,0.543,0.467,0.497,3976910.0,19600.0,0.0,0.0,14.67,0.0,0.0,0.0,0.57,0.466,0.024,0.426,0.078,0.472
0,150086,0.495,0.518,0.467,3981582.0,1784836.0,2196746.0,0.495,452.0,0.494,3299.0,0.493,538.0,0.492,3511.0,0.491,4685.0,0.496,2087.0,0.497,4105.0,0.498,144.0,0.499,2185.0,0.5,6165.0,14.0,20150731141810,-0.023,-4.44,0.543,0.467,0.495,3981582.0,19623.0,0.0,0.0,14.67,0.0,0.0,0.0,0.57,0.466,0.024,0.426,0.078,0.473
0,150086,0.497,0.518,0.467,3991623.0,1791550.0,2200074.0,0.496,12570.0,0.495,2932.0,0.494,3540.0,0.493,538.0,0.492,3629.0,0.497,415.0,0.498,164.0,0.499,2185.0,0.5,6352.0,0.501,1000.0,14.0,20150731141831,-0.021,-4.05,0.543,0.467,0.495,3991623.0,19673.0,0.0,0.0,14.67,0.0,0.0,0.0,0.57,0.466,0.024,0.426,0.078,0.472
0,150086,0.499,0.518,0.467,3996339.0,1796266.0,2200074.0,0.499,1734.0,0.498,1779.0,0.497,2662.0,0.496,15463.0,0.495,1651.0,0.5,1352.0,0.501,1000.0,0.502,50.0,0.503,643.0,0.504,1423.0,14.0,20150731141852,-0.019,-3.67,0.543,0.467,0.495,3996339.0,19696.0,0.0,0.0,14.67,0.0,0.0,0.0,0.57,0.466,0.024,0.427,0.078,0.472
0,150086,0.503,0.518,0.467,3999297.0,1798968.0,2200330.0,0.502,100.0,0.501,4567.0,0.5,421.0,0.499,1477.0,0.498,2659.0,0.503,343.0,0.504,1423.0,0.505,2020.0,0.506,1154.0,0.507,450.0,14.0,20150731141922,-0.015,-2.9,0.543,0.467,0.5,3999297.0,19711.0,0.0,0.0,14.67,0.0,0.0,0.0,0.57,0.466,0.024,0.427,0.078,0.471
0,150086,0.505,0.518,0.467,4001273.0,1800884.0,2200390.0,0.504,2003.0,0.503,1498.0,0.502,420.0,0.501,4077.0,0.5,340.0,0.505,1950.0,0.506,1154.0,0.507,450.0,0.508,60.0,0.509,1200.0,14.0,20150731141946,-0.013,-2.51,0.543,0.467,0.5,4001273.0,19721.0,0.0,0.0,14.67,0.0,0.0,0.0,0.57,0.466,0.024,0.427,0.078,0.471
0,150086,0.506,0.518,0.467,4003263.0,1802874.0,2200390.0,0.505,1240.0,0.504,3903.0,0.503,2105.0,0.502,120.0,0.501,3517.0,0.506,1094.0,0.507,450.0,0.508,50.0,0.509,1200.0,0.51,8000.0,14.0,20150731142007,-0.012,-2.32,0.543,0.467,0.505,4003263.0,19731.0,0.0,0.0,14.67,0.0,0.0,0.0,0.57,0.466,0.024,0.428,0.078,0.471
0,150086,0.506,0.518,0.467,4007996.0,1804068.0,2203928.0,0.509,20.0,0.506,4031.0,0.505,1726.0,0.504,3813.0,0.503,2105.0,0.51,6911.0,0.512,100.0,0.513,884.0,0.514,1142.0,0.515,187.0,14.0,20150731142028,-0.012,-2.32,0.543,0.467,0.505,4007996.0,19755.0,0.0,0.0,14.67,0.0,0.0,0.0,0.57,0.466,0.024,0.428,0.078,0.471
0,150086,0.511,0.518,0.467,4010887.0,1806358.0,2204528.0,0.511,110.0,0.51,4052.0,0.507,50.0,0.506,3719.0,0.505,600.0,0.512,100.0,0.513,884.0,0.514,1142.0,0.515,187.0,0.516,3.0,14.0,20150731142052,-0.007,-1.35,0.543,0.467,0.505,4010887.0,19770.0,0.0,0.0,14.67,0.0,0.0,0.0,0.57,0.466,0.024,0.428,0.077,0.471
0,150086,0.509,0.518,0.467,4019626.0,1809208.0,2210418.0,0.506,1000.0,0.505,140.0,0.504,3225.0,0.503,621.0,0.502,120.0,0.509,64.0,0.51,959.0,0.511,2277.0,0.512,8100.0,0.513,867.0,14.0,20150731142158,-0.009,-1.74,0.543,0.467,0.511,4019626.0,19815.0,0.0,0.0,14.67,0.0,0.0,0.0,0.57,0.466,0.024,0.428,0.077,0.472
0,150086,0.503,0.518,0.467,4026154.0,2121898.0,1904256.0,0.503,99.0,0.502,120.0,0.501,1290.0,0.5,396.0,0.499,1223.0,0.505,2016.0,0.506,4799.0,0.507,1254.0,0.509,1460.0,0.51,10444.0,14.0,20150731142219,-0.015,-2.9,0.543,0.467,0.509,4026154.0,19848.0,0.0,0.0,14.67,0.0,0.0,0.0,-1.0,-1.0,0.024,0.428,0.077,0.472
0,150086,0.501,0.518,0.467,4027574.0,2122098.0,1905476.0,0.501,190.0,0.5,296.0,0.499,1041.0,0.498,1238.0,0.497,81.0,0.504,1342.0,0.505,4773.0,0.506,4895.0,0.507,1154.0,0.508,140.0,14.0,20150731142240,-0.017,-3.28,0.543,0.467,0.509,4027574.0,19855.0,0.0,0.0,14.67,0.0,0.0,0.0,-1.0,-1.0,0.024,0.427,0.077,0.472
0,150086,0.499,0.518,0.467,4032369.0,2124958.0,1907412.0,0.5,212.0,0.498,1091.0,0.497,81.0,0.496,1134.0,0.495,4336.0,0.504,436.0,0.505,6086.0,0.506,4895.0,0.507,1154.0,0.508,140.0,14.0,20150731142307,-0.019,-3.67,0.543,0.467,0.499,4032369.0,19879.0,0.0,0.0,14.67,0.0,0.0,0.0,-1.0,-1.0,0.023,0.427,0.077,0.472
0,150086,0.5,0.518,0.467,4033370.0,1815098.0,2218272.0,0.498,1091.0,0.497,81.0,0.496,1234.0,0.495,4538.0,0.494,2510.0,0.5,611.0,0.503,19.0,0.504,2536.0,0.505,6086.0,0.506,4895.0,14.0,20150731142328,-0.018,-3.47,0.543,0.467,0.5,4033370.0,19884.0,0.0,0.0,14.67,0.0,0.0,0.0,0.57,0.466,0.023,0.428,0.077,0.472
0,150086,0.5,0.518,0.467,4034698.0,1815721.0,2218977.0,0.5,4571.0,0.499,207.0,0.498,1110.0,0.497,1010.0,0.496,1454.0,0.502,5000.0,0.503,19.0,0.504,2100.0,0.505,6186.0,0.506,4895.0,14.0,20150731142349,-0.018,-3.47,0.543,0.467,0.5,4034698.0,19891.0,0.0,0.0,14.67,0.0,0.0,0.0,0.57,0.466,0.023,0.428,0.077,0.472
0,150086,0.5,0.518,0.467,4036309.0,1817021.0,2219288.0,0.501,19.0,0.5,5287.0,0.499,1089.0,0.498,1112.0,0.497,581.0,0.502,5800.0,0.503,269.0,0.504,2100.0,0.505,6186.0,0.506,115.0,14.0,20150731142410,-0.018,-3.47,0.543,0.467,0.502,4036309.0,19899.0,0.0,0.0,14.67,0.0,0.0,0.0,0.57,0.466,0.023,0.428,0.077,0.472
0,150086,0.502,0.518,0.467,4041518.0,2130850.0,1910668.0,0.501,842.0,0.5,6475.0,0.499,507.0,0.498,1112.0,0.497,1383.0,0.502,3578.0,0.503,269.0,0.504,2100.0,0.505,6587.0,0.506,115.0,14.0,20150731142431,-0.016,-3.09,0.543,0.467,0.502,4041518.0,19925.0,0.0,0.0,14.67,0.0,0.0,0.0,-1.0,-1.0,0.023,0.428,0.077,0.472
0,150086,0.503,0.518,0.467,4046533.0,2135865.0,1910668.0,0.502,1542.0,0.501,5347.0,0.5,6608.0,0.499,517.0,0.498,1112.0,0.503,229.0,0.504,2100.0,0.505,6587.0,0.506,96.0,0.507,100.0,14.0,20150731142455,-0.015,-2.9,0.543,0.467,0.502,4046533.0,19950.0,0.0,0.0,14.67,0.0,0.0,0.0,-1.0,-1.0,0.023,0.429,0.077,0.471
0,150086,0.503,0.518,0.467,4048452.0,1825765.0,2222687.0,0.502,953.0,0.501,5347.0,0.5,4092.0,0.499,722.0,0.498,1112.0,0.503,221.0,0.504,2100.0,0.505,6587.0,0.506,96.0,0.507,100.0,14.0,20150731142513,-0.015,-2.9,0.543,0.467,0.503,4048452.0,19960.0,0.0,0.0,14.67,0.0,0.0,0.0,0.57,0.466,0.023,0.429,0.077,0.471
0,150086,0.503,0.518,0.467,4052180.0,2137920.0,1914260.0,0.503,1909.0,0.502,431.0,0.501,4664.0,0.5,2082.0,0.499,735.0,0.504,2100.0,0.505,6587.0,0.506,96.0,0.507,100.0,0.508,140.0,14.0,20150731142538,-0.015,-2.9,0.543,0.467,0.503,4052180.0,19978.0,0.0,0.0,14.67,0.0,0.0,0.0,-1.0,-1.0,0.023,0.428,0.077,0.472
0,150086,0.499,0.518,0.467,4064544.0,2137984.0,1926560.0,0.498,906.0,0.497,1302.0,0.496,1504.0,0.495,5112.0,0.494,2660.0,0.499,9750.0,0.5,10481.0,0.501,2861.0,0.502,5569.0,0.503,4405.0,14.0,20150731142602,-0.019,-3.67,0.543,0.467,0.499,4064544.0,20040.0,0.0,0.0,14.67,0.0,0.0,0.0,-1.0,-1.0,0.023,0.427,0.076,0.473
0,150086,0.494,0.518,0.467,4074776.0,1827575.0,2247201.0,0.494,1523.0,0.493,20.0,0.492,2419.0,0.491,4988.0,0.49,16649.0,0.495,3010.0,0.496,111.0,0.497,790.0,0.498,6697.0,0.499,3659.0,14.0,20150731142623,-0.024,-4.63,0.543,0.467,0.499,4074776.0,20091.0,0.0,0.0,14.67,0.0,0.0,0.0,0.57,0.466,0.023,0.426,0.076,0.474
0,150086,0.491,0.518,0.467,4082713.0,1828077.0,2254636.0,0.491,1775.0,0.49,16684.0,0.489,5400.0,0.488,1220.0,0.487,8334.0,0.492,6434.0,0.494,2652.0,0.495,2498.0,0.496,26.0,0.497,53.0,14.0,20150731142647,-0.027,-5.21,0.543,0.467,0.499,4082713.0,20130.0,0.0,0.0,14.67,0.0,0.0,0.0,0.57,0.466,0.023,0.426,0.076,0.475
0,150086,0.492,0.518,0.467,4117140.0,1842748.0,2274392.0,0.491,1054.0,0.49,1847.0,0.489,5400.0,0.488,1220.0,0.487,8334.0,0.492,1960.0,0.494,2374.0,0.495,4498.0,0.496,216.0,0.498,5075.0,14.0,20150731142708,-0.026,-5.02,0.543,0.467,0.492,4117140.0,20299.0,0.0,0.0,14.67,0.0,0.0,0.0,0.57,0.466,0.023,0.426,0.075,0.476
0,150086,0.489,0.518,0.467,4129714.0,1842998.0,2286716.0,0.489,4334.0,0.488,1204.0,0.487,8334.0,0.486,2967.0,0.485,1364.0,0.49,815.0,0.491,7486.0,0.492,1957.0,0.494,74.0,0.495,2378.0,14.0,20150731142729,-0.029,-5.6,0.543,0.467,0.492,4129714.0,20360.0,0.0,0.0,14.67,0.0,0.0,0.0,0.57,0.466,0.023,0.424,0.075,0.478
0,150086,0.489,0.518,0.467,4134791.0,1842998.0,2291793.0,0.489,1931.0,0.488,1280.0,0.487,8334.0,0.486,2967.0,0.485,1384.0,0.491,6826.0,0.492,1957.0,0.494,74.0,0.495,2378.0,0.496,250.0,14.0,20150731142753,-0.029,-5.6,0.543,0.467,0.492,4134791.0,20385.0,0.0,0.0,14.67,0.0,0.0,0.0,0.57,0.466,0.023,0.424,0.075,0.478
0,150086,0.487,0.518,0.467,4142559.0,1843592.0,2298967.0,0.488,500.0,0.487,6302.0,0.486,2757.0,0.485,1414.0,0.484,25.0,0.489,2224.0,0.49,233.0,0.491,6494.0,0.492,1957.0,0.494,99.0,14.0,20150731142820,-0.031,-5.98,0.543,0.467,0.488,4142559.0,20423.0,0.0,0.0,14.67,0.0,0.0,0.0,0.57,0.466,0.023,0.423,0.075,0.479
0,150086,0.486,0.518,0.467,4162037.0,1854603.0,2307434.0,0.486,1957.0,0.485,1312.0,0.484,75.0,0.483,2400.0,0.482,976.0,0.487,2726.0,0.488,1890.0,0.489,733.0,0.49,252.0,0.491,5494.0,14.0,20150731142841,-0.032,-6.18,0.543,0.467,0.488,4162037.0,20518.0,0.0,0.0,14.67,0.0,0.0,0.0,0.57,0.466,0.023,0.423,0.075,0.479
0,150086,0.485,0.518,0.467,4170136.0,1859966.0,2310170.0,0.484,1129.0,0.483,2500.0,0.482,1451.0,0.481,3200.0,0.48,16766.0,0.485,170.0,0.486,11497.0,0.487,917.0,0.488,800.0,0.489,525.0,14.0,20150731142905,-0.033,-6.37,0.543,0.467,0.485,4170136.0,20558.0,0.0,0.0,14.67,0.0,0.0,0.0,0.57,0.466,0.023,0.424,0.074,0.479
0,150086,0.485,0.518,0.467,4190159.0,1875474.0,2314684.0,0.484,1343.0,0.483,2887.0,0.482,736.0,0.481,16049.0,0.48,17770.0,0.485,250.0,0.486,7078.0,0.487,667.0,0.488,800.0,0.489,590.0,14.0,20150731142929,-0.033,-6.37,0.543,0.467,0.485,4190159.0,20655.0,0.0,0.0,14.67,0.0,0.0,0.0,0.57,0.466,0.023,0.426,0.074,0.478
0,150086,0.483,0.518,0.467,4208488.0,1880228.0,2328260.0,0.483,752.0,0.482,10000.0,0.481,18709.0,0.48,17886.0,0.479,798.0,0.484,1395.0,0.485,513.0,0.486,5954.0,0.487,206.0,0.488,800.0,14.0,20150731142953,-0.035,-6.76,0.543,0.467,0.485,4208488.0,20743.0,0.0,0.0,14.67,0.0,0.0,0.0,0.57,0.466,0.022,0.425,0.074,0.479
0,150086,0.484,0.518,0.467,4213385.0,1882524.0,2330862.0,0.484,998.0,0.483,9083.0,0.482,505.0,0.481,10652.0,0.48,18231.0,0.485,46.0,0.486,5791.0,0.487,206.0,0.488,800.0,0.489,590.0,14.0,20150731143011,-0.034,-6.56,0.543,0.467,0.483,4213385.0,20767.0,0.0,0.0,14.67,0.0,0.0,0.0,0.57,0.466,0.022,0.425,0.074,0.479
0,150086,0.489,0.518,0.467,4227117.0,1890762.0,2336356.0,0.489,265.0,0.488,593.0,0.487,3401.0,0.486,7958.0,0.485,2705.0,0.491,2653.0,0.494,74.0,0.495,2878.0,0.496,206.0,0.498,4380.0,14.0,20150731143038,-0.029,-5.6,0.543,0.467,0.483,4227117.0,20833.0,0.0,0.0,14.67,0.0,0.0,0.0,0.57,0.466,0.022,0.426,0.073,0.478
0,150086,0.493,0.518,0.467,4233460.0,2207012.0,2026448.0,0.491,5850.0,0.49,1688.0,0.489,267.0,0.488,3795.0,0.487,2251.0,0.492,21.0,0.495,2451.0,0.496,206.0,0.497,1000.0,0.498,4380.0,14.0,20150731143105,-0.025,-4.83,0.543,0.467,0.495,4233460.0,20865.0,0.0,0.0,14.67,0.0,0.0,0.0,-1.0,-1.0,0.022,0.427,0.073,0.478
0,150086,0.497,0.518,0.467,4237866.0,1900552.0,2337314.0,0.496,339.0,0.495,564.0,0.494,11138.0,0.493,1156.0,0.492,657.0,0.498,2601.0,0.499,2453.0,0.5,4317.0,0.501,100.0,0.502,4069.0,14.0,20150731143126,-0.021,-4.05,0.543,0.467,0.495,4237866.0,20886.0,0.0,0.0,14.67,0.0,0.0,0.0,0.57,0.466,0.022,0.427,0.073,0.477
0,150086,0.498,0.518,0.467,4244387.0,1905608.0,2338778.0,0.496,6711.0,0.495,1051.0,0.494,410.0,0.493,1079.0,0.492,680.0,0.498,489.0,0.499,2453.0,0.5,4437.0,0.501,300.0,0.502,4109.0,14.0,20150731143153,-0.02,-3.86,0.543,0.467,0.495,4244387.0,20919.0,0.0,0.0,14.67,0.0,0.0,0.0,0.57,0.466,0.022,0.427,0.073,0.478
0,150086,0.498,0.518,0.467,4246166.0,2214307.0,2031859.0,0.498,681.0,0.497,1081.0,0.496,6296.0,0.495,1618.0,0.494,410.0,0.499,2739.0,0.5,4537.0,0.501,700.0,0.502,3609.0,0.503,1504.0,14.0,20150731143214,-0.02,-3.86,0.543,0.467,0.498,4246166.0,20928.0,0.0,0.0,14.67,0.0,0.0,0.0,-1.0,-1.0,0.022,0.427,0.073,0.478
0,150086,0.498,0.518,0.467,4257728.0,2221053.0,2036675.0,0.498,7410.0,0.496,1820.0,0.495,1674.0,0.494,110.0,0.493,500.0,0.5,4006.0,0.501,700.0,0.502,3659.0,0.503,1948.0,0.504,100.0,14.0,20150731143241,-0.02,-3.86,0.543,0.467,0.498,4257728.0,20985.0,0.0,0.0,14.67,0.0,0.0,0.0,-1.0,-1.0,0.022,0.427,0.073,0.477
0,150086,0.498,0.518,0.467,4268853.0,2221553.0,2047300.0,0.498,628.0,0.497,41.0,0.496,1830.0,0.495,1674.0,0.494,60.0,0.499,310.0,0.5,4056.0,0.501,200.0,0.502,3659.0,0.503,1948.0,14.0,20150731143305,-0.02,-3.86,0.543,0.467,0.499,4268853.0,21041.0,0.0,0.0,14.67,0.0,0.0,0.0,-1.0,-1.0,0.022,0.426,0.073,0.479
0,150086,0.499,0.518,0.467,4271883.0,2222891.0,2048992.0,0.498,3865.0,0.497,41.0,0.496,1830.0,0.495,442.0,0.494,60.0,0.499,5863.0,0.5,3966.0,0.501,200.0,0.502,3659.0,0.503,1948.0,14.0,20150731143329,-0.019,-3.67,0.543,0.467,0.499,4271883.0,21056.0,0.0,0.0,14.67,0.0,0.0,0.0,-1.0,-1.0,0.022,0.426,0.073,0.479
0,150086,0.498,0.518,0.467,4280662.0,2222930.0,2057732.0,0.497,95.0,0.496,1830.0,0.495,442.0,0.494,60.0,0.493,200.0,0.498,3381.0,0.499,1099.0,0.5,4686.0,0.501,200.0,0.502,3659.0,14.0,20150731143350,-0.02,-3.86,0.543,0.467,0.499,4280662.0,21099.0,0.0,0.0,14.67,0.0,0.0,0.0,-1.0,-1.0,0.022,0.425,0.073,0.48
0,150086,0.49,0.518,0.467,4283705.0,2223030.0,2060675.0,0.49,1741.0,0.489,380.0,0.488,397.0,0.487,583.0,0.486,1771.0,0.495,1000.0,0.496,3676.0,0.497,2872.0,0.498,3091.0,0.499,1512.0,14.0,20150731143417,-0.028,-5.41,0.543,0.467,0.496,4283705.0,21115.0,0.0,0.0,14.67,0.0,0.0,0.0,-1.0,-1.0,0.022,0.425,0.072,0.48
0,150086,0.49,0.518,0.467,4285696.0,1915455.0,2370241.0,0.489,380.0,0.488,397.0,0.487,533.0,0.486,1771.0,0.485,1616.0,0.49,13.0,0.494,3724.0,0.495,1140.0,0.496,2566.0,0.497,2564.0,14.0,20150731143438,-0.028,-5.41,0.543,0.467,0.496,4285696.0,21124.0,0.0,0.0,14.67,0.0,0.0,0.0,0.57,0.466,0.022,0.425,0.072,0.48
0,150086,0.489,0.518,0.467,4286492.0,1915936.0,2370556.0,0.488,2496.0,0.487,1033.0,0.486,1030.0,0.485,2116.0,0.484,2089.0,0.489,726.0,0.49,10634.0,0.492,100.0,0.493,1900.0,0.494,2872.0,14.0,20150731143505,-0.029,-5.6,0.543,0.467,0.489,4286492.0,21128.0,0.0,0.0,14.67,0.0,0.0,0.0,0.57,0.466,0.022,0.425,0.072,0.48
0,150086,0.49,0.518,0.467,4290754.0,1920198.0,2370556.0,0.49,534.0,0.489,2811.0,0.488,3820.0,0.487,533.0,0.486,730.0,0.492,100.0,0.493,1700.0,0.494,1990.0,0.495,133.0,0.497,2564.0,14.0,20150731143526,-0.028,-5.41,0.543,0.467,0.489,4290754.0,21149.0,0.0,0.0,14.67,0.0,0.0,0.0,0.57,0.466,0.022,0.426,0.072,0.48
0,150086,0.492,0.518,0.467,4295438.0,2229672.0,2065766.0,0.492,1973.0,0.491,240.0,0.49,309.0,0.489,908.0,0.488,3534.0,0.494,1990.0,0.495,133.0,0.497,2422.0,0.498,1730.0,0.499,2017.0,14.0,20150731143553,-0.026,-5.02,0.543,0.467,0.489,4295438.0,21172.0,0.0,0.0,14.67,0.0,0.0,0.0,-1.0,-1.0,0.022,0.426,0.072,0.48
0,150086,0.488,0.518,0.467,4305218.0,2229742.0,2075476.0,0.487,700.0,0.486,1197.0,0.485,1701.0,0.484,1971.0,0.483,976.0,0.488,4159.0,0.489,1236.0,0.492,1425.0,0.493,563.0,0.494,1115.0,14.0,20150731143617,-0.03,-5.79,0.543,0.467,0.492,4305218.0,21220.0,0.0,0.0,14.67,0.0,0.0,0.0,-1.0,-1.0,0.022,0.425,0.072,0.481
0,150086,0.487,0.518,0.467,4308941.0,1922876.0,2386064.0,0.485,2411.0,0.484,1971.0,0.483,1476.0,0.482,1859.0,0.481,18095.0,0.486,400.0,0.487,4051.0,0.488,3459.0,0.489,542.0,0.49,560.0,14.0,20150731143644,-0.031,-5.98,0.543,0.467,0.487,4308941.0,21238.0,0.0,0.0,14.67,0.0,0.0,0.0,0.57,0.466,0.022,0.424,0.072,0.482
0,150086,0.484,0.518,0.467,5102825.0,2273015.0,2829810.0,0.483,1010.0,0.482,1291.0,0.481,3455.0,0.48,8912.0,0.479,2800.0,0.484,25523.0,0.485,7483.0,0.486,10872.0,0.487,14656.0,0.488,2385.0,15.0,20150731150137,-0.034,-6.56,0.543,0.467,0.486,5102825.0,25034.0,0.0,0.0,14.67,0.0,0.0,0.0,0.57,0.466,0.019,0.427,0.079,0.475
0,150086,0.484,0.518,0.467,5102825.0,2583263.0,2519562.0,0.483,1010.0,0.482,1291.0,0.481,3455.0,0.48,8912.0,0.479,2800.0,0.484,25523.0,0.485,7483.0,0.486,10872.0,0.487,14656.0,0.488,2385.0,15.0,20150731150137,-0.034,-6.56,0.543,0.467,0.486,5102825.0,25034.0,0.0,0.0,14.67,0.0,0.0,0.0,-1.0,-1.0,0.019,0.427,0.079,0.475
0,150086,0.484,0.518,0.467,5102825.0,2273015.0,2829810.0,0.483,1010.0,0.482,1291.0,0.481,3455.0,0.48,8912.0,0.479,2800.0,0.484,25523.0,0.485,7483.0,0.486,10872.0,0.487,14656.0,0.488,2385.0,15.0,20150731150137,-0.034,-6.56,0.543,0.467,0.486,5102825.0,25034.0,0.0,0.0,14.67,0.0,0.0,0.0,0.57,0.466,0.019,0.427,0.079,0.475
