名称,﻿代码,﻿当前价格,﻿昨收,﻿今开,﻿成交量/手,﻿外盘,﻿内盘,﻿买一价,﻿买一量/手,﻿买二价,﻿买二量/手,﻿买三价,﻿买三量/手,﻿买四价,﻿买四量/手,﻿买五价,﻿买五量/手,﻿卖一价,﻿卖一量/手,﻿卖二价,﻿卖二量/手,﻿卖三价,﻿卖三量/手,﻿卖四价,﻿卖四量/手,﻿卖五价,﻿卖五量/手,﻿最近逐笔成交,﻿时间,﻿涨跌,﻿涨跌幅,﻿最高,﻿最低,﻿价格,﻿成交量/手,﻿成交额/万,﻿换手率,﻿市盈率,﻿振幅,﻿流通市值,﻿总市值,﻿市净率,﻿涨停价,﻿跌停价,﻿买盘大单,﻿买盘小单,﻿卖盘大单,﻿卖盘小单
0,159902,3.853,3.81,3.755,947511.0,563757.0,383754.0,3.84,20.0,3.838,113.0,3.837,11001.0,3.836,10060.0,3.834,3.0,3.852,11.0,3.853,25.0,3.855,181.0,3.856,451.0,3.86,3241.0,11.0,20150731113107,0.043,1.13,3.876,3.752,3.853,947511.0,36293.0,0.0,0.0,3.25,0.0,0.0,0.0,4.191,3.429,0.51,0.091,0.336,0.064
0,159902,3.852,3.81,3.755,947603.0,563849.0,383754.0,3.852,13.0,3.844,230.0,3.842,10000.0,3.841,10003.0,3.84,5000.0,3.853,43.0,3.855,70.0,3.856,401.0,3.86,286.0,3.864,36.0,13.0,20150731130009,0.042,1.1,3.876,3.752,3.853,947603.0,36297.0,0.0,0.0,3.25,0.0,0.0,0.0,4.191,3.429,0.51,0.091,0.336,0.064
0,159902,3.852,3.81,3.755,947603.0,563849.0,383754.0,3.852,13.0,3.844,230.0,3.841,3.0,3.84,15000.0,3.838,90.0,3.853,43.0,3.855,70.0,3.856,401.0,3.86,286.0,3.864,3036.0,13.0,20150731130018,0.042,1.1,3.876,3.752,3.853,947603.0,36297.0,0.0,0.0,3.25,0.0,0.0,0.0,4.191,3.429,0.51,0.091,0.336,0.064
0,159902,3.852,3.81,3.755,947603.0,563849.0,383754.0,3.852,13.0,3.844,230.0,3.842,10000.0,3.841,3.0,3.84,5000.0,3.853,43.0,3.855,70.0,3.856,401.0,3.86,296.0,3.862,3000.0,13.0,20150731130042,0.042,1.1,3.876,3.752,3.853,947603.0,36297.0,0.0,0.0,3.25,0.0,0.0,0.0,4.191,3.429,0.51,0.091,0.336,0.064
0,159902,3.852,3.81,3.755,947603.0,565218.0,382386.0,3.852,13.0,3.844,230.0,3.841,3.0,3.84,5000.0,3.838,90.0,3.853,43.0,3.855,70.0,3.856,401.0,3.858,3000.0,3.86,296.0,13.0,20150731130109,0.042,1.1,3.876,3.752,3.852,947603.0,36297.0,0.0,0.0,3.25,0.0,0.0,0.0,-1.0,-1.0,0.51,0.091,0.336,0.064
0,159902,3.855,3.81,3.755,947721.0,563962.0,383759.0,3.855,4925.0,3.853,32.0,3.852,13.0,3.846,10000.0,3.844,230.0,3.856,401.0,3.859,3000.0,3.86,3296.0,3.864,36.0,3.865,65.0,13.0,20150731130145,0.045,1.18,3.876,3.752,3.852,947721.0,36301.0,0.0,0.0,3.25,0.0,0.0,0.0,4.191,3.429,0.509,0.091,0.335,0.064
0,159902,3.855,3.81,3.755,952649.0,563965.0,388684.0,3.853,32.0,3.852,23.0,3.847,10000.0,3.846,10000.0,3.844,230.0,3.855,75.0,3.856,398.0,3.857,3000.0,3.858,3000.0,3.86,296.0,13.0,20150731130212,0.045,1.18,3.876,3.752,3.856,952649.0,36491.0,0.0,0.0,3.25,0.0,0.0,0.0,4.191,3.429,0.507,0.091,0.339,0.063
0,159902,3.855,3.81,3.755,957731.0,564097.0,393634.0,3.846,10000.0,3.845,10000.0,3.844,230.0,3.84,5000.0,3.838,90.0,3.855,3.0,3.856,3398.0,3.857,3000.0,3.86,296.0,3.862,1000.0,13.0,20150731130248,0.045,1.18,3.876,3.752,3.856,957731.0,36687.0,0.0,0.0,3.25,0.0,0.0,0.0,4.191,3.429,0.504,0.091,0.343,0.063
0,159902,3.855,3.81,3.755,960734.0,568468.0,392266.0,3.855,1997.0,3.854,30.0,3.85,5.0,3.844,230.0,3.843,10000.0,3.856,398.0,3.86,296.0,3.864,36.0,3.865,65.0,3.866,40.0,13.0,20150731130318,0.045,1.18,3.876,3.752,3.855,960734.0,36803.0,0.0,0.0,3.25,0.0,0.0,0.0,-1.0,-1.0,0.505,0.09,0.342,0.063
0,159902,3.855,3.81,3.755,967732.0,568470.0,399262.0,3.854,30.0,3.85,5.0,3.844,230.0,3.841,10000.0,3.838,90.0,3.856,398.0,3.857,3000.0,3.86,296.0,3.864,36.0,3.865,65.0,13.0,20150731130351,0.045,1.18,3.876,3.752,3.855,967732.0,37073.0,0.0,0.0,3.25,0.0,0.0,0.0,-1.0,-1.0,0.501,0.09,0.345,0.064
0,159902,3.855,3.81,3.755,972751.0,568470.0,404282.0,3.854,11.0,3.851,5000.0,3.85,5.0,3.844,830.0,3.842,8.0,3.855,51.0,3.856,542.0,3.86,296.0,3.863,3000.0,3.864,36.0,13.0,20150731130424,0.045,1.18,3.876,3.752,3.854,972751.0,37266.0,0.0,0.0,3.25,0.0,0.0,0.0,-1.0,-1.0,0.498,0.089,0.349,0.064
0,159902,3.855,3.81,3.755,972751.0,568470.0,404282.0,3.854,11.0,3.851,5000.0,3.85,5.0,3.844,830.0,3.842,8.0,3.855,5051.0,3.856,542.0,3.86,296.0,3.864,3036.0,3.865,65.0,13.0,20150731130430,0.045,1.18,3.876,3.752,3.854,972751.0,37266.0,0.0,0.0,3.25,0.0,0.0,0.0,-1.0,-1.0,0.498,0.089,0.349,0.064
0,159902,3.855,3.81,3.755,977847.0,567186.0,410661.0,3.855,4935.0,3.851,5000.0,3.85,5.0,3.844,830.0,3.842,8.0,3.856,542.0,3.86,296.0,3.862,3000.0,3.863,3000.0,3.864,36.0,13.0,20150731130454,0.045,1.18,3.876,3.752,3.854,977847.0,37463.0,0.0,0.0,3.25,0.0,0.0,0.0,4.191,3.429,0.495,0.089,0.352,0.064
0,159902,3.855,3.81,3.755,982782.0,568554.0,414228.0,3.851,5000.0,3.85,5.0,3.844,230.0,3.842,8.0,3.838,90.0,3.855,65.0,3.856,537.0,3.859,30.0,3.86,296.0,3.861,3000.0,13.0,20150731130530,0.045,1.18,3.876,3.752,3.855,982782.0,37653.0,0.0,0.0,3.25,0.0,0.0,0.0,-1.0,-1.0,0.493,0.088,0.356,0.063
0,159902,3.851,3.81,3.755,987782.0,567186.0,420596.0,3.85,5.0,3.844,230.0,3.839,10000.0,3.838,10691.0,3.837,1001.0,3.855,65.0,3.856,537.0,3.859,405.0,3.86,296.0,3.864,36.0,13.0,20150731130600,0.041,1.08,3.876,3.752,3.851,987782.0,37845.0,0.0,0.0,3.25,0.0,0.0,0.0,4.191,3.429,0.49,0.088,0.36,0.063
0,159902,3.851,3.81,3.755,987782.0,567186.0,420596.0,3.85,5.0,3.845,5000.0,3.844,230.0,3.838,10691.0,3.837,11001.0,3.854,55.0,3.855,65.0,3.856,537.0,3.859,30.0,3.86,671.0,13.0,20150731130615,0.041,1.08,3.876,3.752,3.851,987782.0,37845.0,0.0,0.0,3.25,0.0,0.0,0.0,4.191,3.429,0.49,0.088,0.36,0.063
0,159902,3.85,3.81,3.755,987787.0,567186.0,420601.0,3.845,5000.0,3.844,230.0,3.839,10000.0,3.838,10691.0,3.837,1001.0,3.85,135.0,3.854,55.0,3.855,105.0,3.856,537.0,3.859,30.0,13.0,20150731130633,0.04,1.05,3.876,3.752,3.851,987787.0,37846.0,0.0,0.0,3.25,0.0,0.0,0.0,4.191,3.429,0.49,0.088,0.36,0.063
0,159902,3.85,3.81,3.755,987815.0,567214.0,420601.0,3.846,25.0,3.845,5000.0,3.844,230.0,3.839,10008.0,3.838,10691.0,3.85,107.0,3.854,55.0,3.855,105.0,3.856,537.0,3.859,30.0,13.0,20150731130657,0.04,1.05,3.876,3.752,3.851,987815.0,37847.0,0.0,0.0,3.25,0.0,0.0,0.0,4.191,3.429,0.49,0.088,0.36,0.063
0,159902,3.845,3.81,3.755,988566.0,567214.0,421352.0,3.845,4304.0,3.844,230.0,3.839,10008.0,3.838,10691.0,3.837,1001.0,3.85,107.0,3.854,55.0,3.855,105.0,3.856,537.0,3.859,30.0,13.0,20150731130727,0.035,0.92,3.876,3.752,3.845,988566.0,37875.0,0.0,0.0,3.25,0.0,0.0,0.0,4.191,3.429,0.49,0.088,0.359,0.064
0,159902,3.845,3.81,3.755,988566.0,568582.0,419984.0,3.846,60.0,3.845,4304.0,3.844,230.0,3.84,10000.0,3.839,10008.0,3.85,107.0,3.854,55.0,3.855,108.0,3.856,537.0,3.859,30.0,13.0,20150731130742,0.035,0.92,3.876,3.752,3.845,988566.0,37875.0,0.0,0.0,3.25,0.0,0.0,0.0,-1.0,-1.0,0.489,0.088,0.359,0.064
0,159902,3.85,3.81,3.755,988666.0,567314.0,421352.0,3.846,60.0,3.845,4304.0,3.844,230.0,3.839,8.0,3.838,691.0,3.85,7.0,3.854,55.0,3.855,108.0,3.856,537.0,3.859,30.0,13.0,20150731130757,0.04,1.05,3.876,3.752,3.845,988666.0,37879.0,0.0,0.0,3.25,0.0,0.0,0.0,4.191,3.429,0.489,0.088,0.359,0.064
0,159902,3.85,3.81,3.755,988673.0,567321.0,421352.0,3.85,13.0,3.846,60.0,3.845,4304.0,3.844,230.0,3.839,8.0,3.854,55.0,3.855,173.0,3.856,537.0,3.859,30.0,3.86,296.0,13.0,20150731130809,0.04,1.05,3.876,3.752,3.85,988673.0,37880.0,0.0,0.0,3.25,0.0,0.0,0.0,4.191,3.429,0.489,0.088,0.359,0.064
0,159902,3.85,3.81,3.755,988673.0,567321.0,421352.0,3.85,13.0,3.846,660.0,3.845,4304.0,3.844,230.0,3.841,10000.0,3.854,5.0,3.855,173.0,3.856,537.0,3.859,30.0,3.86,296.0,13.0,20150731130830,0.04,1.05,3.876,3.752,3.85,988673.0,37880.0,0.0,0.0,3.25,0.0,0.0,0.0,4.191,3.429,0.489,0.088,0.359,0.064
0,159902,3.85,3.81,3.755,988673.0,567321.0,421352.0,3.85,13.0,3.847,5000.0,3.846,660.0,3.845,4304.0,3.844,230.0,3.854,5.0,3.855,173.0,3.856,537.0,3.859,30.0,3.86,296.0,13.0,20150731130854,0.04,1.05,3.876,3.752,3.85,988673.0,37880.0,0.0,0.0,3.25,0.0,0.0,0.0,4.191,3.429,0.489,0.088,0.359,0.064
0,159902,3.854,3.81,3.755,988674.0,567322.0,421352.0,3.851,25.0,3.85,13.0,3.847,5000.0,3.846,660.0,3.845,4304.0,3.854,4.0,3.855,173.0,3.856,537.0,3.859,30.0,3.86,296.0,13.0,20150731130906,0.044,1.15,3.876,3.752,3.85,988674.0,37880.0,0.0,0.0,3.25,0.0,0.0,0.0,4.191,3.429,0.489,0.088,0.359,0.064
0,159902,3.854,3.81,3.755,988674.0,568690.0,419984.0,3.851,25.0,3.85,13.0,3.847,5030.0,3.846,610.0,3.845,4304.0,3.854,4.0,3.855,143.0,3.856,408.0,3.859,30.0,3.86,296.0,13.0,20150731130933,0.044,1.15,3.876,3.752,3.85,988674.0,37880.0,0.0,0.0,3.25,0.0,0.0,0.0,-1.0,-1.0,0.489,0.088,0.359,0.064
0,159902,3.854,3.81,3.755,988674.0,567322.0,421352.0,3.852,5.0,3.851,25.0,3.85,23.0,3.847,5030.0,3.846,610.0,3.854,4.0,3.855,143.0,3.856,408.0,3.859,30.0,3.86,396.0,13.0,20150731130942,0.044,1.15,3.876,3.752,3.85,988674.0,37880.0,0.0,0.0,3.25,0.0,0.0,0.0,4.191,3.429,0.489,0.088,0.359,0.064
0,159902,3.854,3.81,3.755,988679.0,567327.0,421352.0,3.852,5.0,3.851,25.0,3.85,23.0,3.847,5030.0,3.846,10610.0,3.854,128.0,3.855,143.0,3.856,408.0,3.859,30.0,3.86,396.0,13.0,20150731131003,0.044,1.15,3.876,3.752,3.854,988679.0,37880.0,0.0,0.0,3.25,0.0,0.0,0.0,4.191,3.429,0.489,0.088,0.359,0.064
0,159902,3.856,3.81,3.755,989040.0,567688.0,421352.0,3.855,4722.0,3.851,25.0,3.85,23.0,3.847,5030.0,3.846,610.0,3.856,330.0,3.859,30.0,3.86,396.0,3.864,36.0,3.865,65.0,13.0,20150731131018,0.046,1.21,3.876,3.752,3.854,989040.0,37894.0,0.0,0.0,3.25,0.0,0.0,0.0,4.191,3.429,0.489,0.088,0.359,0.064
0,159902,3.855,3.81,3.755,1004634.0,570410.0,434224.0,3.851,25.0,3.85,23.0,3.848,10000.0,3.847,15000.0,3.846,610.0,3.855,207.0,3.864,1.0,3.865,65.0,3.866,40.0,3.868,180.0,13.0,20150731131149,0.045,1.18,3.876,3.752,3.864,1004634.0,38495.0,0.0,0.0,3.25,0.0,0.0,0.0,-1.0,-1.0,0.481,0.088,0.369,0.063
0,159902,3.855,3.81,3.755,1004634.0,570410.0,434224.0,3.852,25.0,3.851,25.0,3.85,23.0,3.849,10000.0,3.848,10000.0,3.855,207.0,3.864,1.0,3.865,65.0,3.866,40.0,3.868,180.0,13.0,20150731131158,0.045,1.18,3.876,3.752,3.864,1004634.0,38495.0,0.0,0.0,3.25,0.0,0.0,0.0,-1.0,-1.0,0.481,0.088,0.369,0.063
0,159902,3.855,3.81,3.755,1004659.0,570434.0,434224.0,3.852,25.0,3.851,25.0,3.85,23.0,3.848,10002.0,3.847,5000.0,3.855,182.0,3.863,1000.0,3.865,65.0,3.866,40.0,3.867,30.0,13.0,20150731131222,0.045,1.18,3.876,3.752,3.855,1004659.0,38496.0,0.0,0.0,3.25,0.0,0.0,0.0,-1.0,-1.0,0.481,0.088,0.369,0.063
0,159902,3.855,3.81,3.755,1004841.0,570616.0,434224.0,3.855,4818.0,3.853,40.0,3.852,25.0,3.851,25.0,3.85,23.0,3.863,1000.0,3.865,60.0,3.866,40.0,3.867,30.0,3.868,180.0,13.0,20150731131255,0.045,1.18,3.876,3.752,3.855,1004841.0,38503.0,0.0,0.0,3.25,0.0,0.0,0.0,-1.0,-1.0,0.481,0.088,0.368,0.063
0,159902,3.856,3.81,3.755,1004863.0,570618.0,434244.0,3.855,4818.0,3.853,40.0,3.852,25.0,3.851,25.0,3.85,10023.0,3.863,998.0,3.865,60.0,3.866,40.0,3.867,30.0,3.868,180.0,13.0,20150731131328,0.046,1.21,3.876,3.752,3.855,1004863.0,38504.0,0.0,0.0,3.25,0.0,0.0,0.0,-1.0,-1.0,0.481,0.088,0.368,0.063
0,159902,3.856,3.81,3.755,1004863.0,569250.0,435613.0,3.855,9818.0,3.853,40.0,3.852,25.0,3.851,10025.0,3.85,10023.0,3.863,998.0,3.865,60.0,3.866,40.0,3.867,30.0,3.868,180.0,13.0,20150731131401,0.046,1.21,3.876,3.752,3.855,1004863.0,38504.0,0.0,0.0,3.25,0.0,0.0,0.0,4.191,3.429,0.481,0.088,0.368,0.063
0,159902,3.856,3.81,3.755,1004863.0,569250.0,435613.0,3.856,30.0,3.855,9992.0,3.852,25.0,3.851,25.0,3.85,23.0,3.86,19.0,3.862,30.0,3.863,998.0,3.865,60.0,3.866,40.0,13.0,20150731131428,0.046,1.21,3.876,3.752,3.856,1004863.0,38504.0,0.0,0.0,3.25,0.0,0.0,0.0,4.191,3.429,0.481,0.088,0.368,0.063
0,159902,3.856,3.81,3.755,1004914.0,569250.0,435664.0,3.856,19.0,3.855,174.0,3.852,25.0,3.851,25.0,3.85,10023.0,3.86,19.0,3.862,30.0,3.863,998.0,3.865,60.0,3.866,40.0,13.0,20150731131446,0.046,1.21,3.876,3.752,3.856,1004914.0,38506.0,0.0,0.0,3.25,0.0,0.0,0.0,4.191,3.429,0.481,0.088,0.368,0.063
0,159902,3.856,3.81,3.755,1004914.0,570618.0,434296.0,3.856,19.0,3.855,174.0,3.852,25.0,3.851,25.0,3.85,23.0,3.86,19.0,3.862,60.0,3.863,998.0,3.865,60.0,3.866,40.0,13.0,20150731131510,0.046,1.21,3.876,3.752,3.856,1004914.0,38506.0,0.0,0.0,3.25,0.0,0.0,0.0,-1.0,-1.0,0.481,0.088,0.368,0.063
0,159902,3.855,3.81,3.755,1004970.0,570618.0,434352.0,3.855,137.0,3.852,25.0,3.851,25.0,3.85,23.0,3.848,2.0,3.856,61.0,3.862,60.0,3.863,998.0,3.865,60.0,3.866,40.0,13.0,20150731131543,0.045,1.18,3.876,3.752,3.856,1004970.0,38508.0,0.0,0.0,3.25,0.0,0.0,0.0,-1.0,-1.0,0.481,0.088,0.368,0.063
0,159902,3.855,3.81,3.755,1005107.0,569250.0,435857.0,3.852,25.0,3.851,25.0,3.85,23.0,3.848,2.0,3.846,610.0,3.855,413.0,3.856,61.0,3.862,30.0,3.863,3998.0,3.864,3000.0,13.0,20150731131649,0.045,1.18,3.876,3.752,3.855,1005107.0,38514.0,0.0,0.0,3.25,0.0,0.0,0.0,4.191,3.429,0.481,0.088,0.368,0.063
0,159902,3.852,3.81,3.755,1005426.0,570922.0,434504.0,3.852,10.0,3.851,25.0,3.85,23.0,3.848,2.0,3.846,610.0,3.855,109.0,3.856,61.0,3.862,3030.0,3.863,3998.0,3.865,60.0,13.0,20150731131713,0.042,1.1,3.876,3.752,3.855,1005426.0,38526.0,0.0,0.0,3.25,0.0,0.0,0.0,-1.0,-1.0,0.48,0.088,0.368,0.063
0,159902,3.851,3.81,3.755,1005461.0,570922.0,434538.0,3.85,23.0,3.846,600.0,3.844,200.0,3.84,10000.0,3.839,10019.0,3.851,9.0,3.855,109.0,3.856,61.0,3.862,30.0,3.863,998.0,13.0,20150731131737,0.041,1.08,3.876,3.752,3.855,1005461.0,38527.0,0.0,0.0,3.25,0.0,0.0,0.0,-1.0,-1.0,0.48,0.088,0.368,0.063
0,159902,3.851,3.81,3.755,1005508.0,569563.0,435945.0,3.851,3.0,3.85,23.0,3.846,600.0,3.844,100.0,3.839,19.0,3.855,109.0,3.856,61.0,3.859,3000.0,3.86,3080.0,3.862,30.0,13.0,20150731131801,0.041,1.08,3.876,3.752,3.851,1005508.0,38529.0,0.0,0.0,3.25,0.0,0.0,0.0,4.191,3.429,0.48,0.089,0.368,0.063
0,159902,3.851,3.81,3.755,1005511.0,569563.0,435948.0,3.85,23.0,3.846,600.0,3.845,50.0,3.844,100.0,3.839,19.0,3.851,447.0,3.855,109.0,3.856,61.0,3.859,3000.0,3.86,3080.0,13.0,20150731131819,0.041,1.08,3.876,3.752,3.851,1005511.0,38529.0,0.0,0.0,3.25,0.0,0.0,0.0,4.191,3.429,0.48,0.089,0.368,0.063
0,159902,3.846,3.81,3.755,1005757.0,569563.0,436194.0,3.846,377.0,3.845,50.0,3.84,50.0,3.839,39.0,3.838,90.0,3.847,50.0,3.848,100.0,3.849,20.0,3.85,3095.0,3.851,3400.0,13.0,20150731132125,0.036,0.94,3.876,3.752,3.846,1005757.0,38539.0,0.0,0.0,3.25,0.0,0.0,0.0,4.191,3.429,0.48,0.088,0.368,0.063
0,159902,3.846,3.81,3.755,1005770.0,569563.0,436207.0,3.846,364.0,3.845,50.0,3.84,50.0,3.839,39.0,3.838,90.0,3.847,80.0,3.848,100.0,3.849,3020.0,3.85,3095.0,3.851,400.0,13.0,20150731132149,0.036,0.94,3.876,3.752,3.846,1005770.0,38539.0,0.0,0.0,3.25,0.0,0.0,0.0,4.191,3.429,0.48,0.088,0.368,0.063
0,159902,3.845,3.81,3.755,1006184.0,569563.0,436621.0,3.84,50.0,3.839,39.0,3.838,90.0,3.837,501.0,3.836,10.0,3.846,1000.0,3.847,3080.0,3.848,3000.0,3.849,20.0,3.85,95.0,13.0,20150731132213,0.035,0.92,3.876,3.752,3.846,1006184.0,38555.0,0.0,0.0,3.25,0.0,0.0,0.0,4.191,3.429,0.48,0.088,0.368,0.064
0,159902,3.84,3.81,3.755,1006189.0,570932.0,435258.0,3.84,45.0,3.839,39.0,3.838,90.0,3.837,501.0,3.836,10.0,3.846,170.0,3.847,4080.0,3.848,3000.0,3.849,20.0,3.85,95.0,13.0,20150731132228,0.03,0.79,3.876,3.752,3.846,1006189.0,38555.0,0.0,0.0,3.25,0.0,0.0,0.0,-1.0,-1.0,0.48,0.088,0.368,0.064
0,159902,3.84,3.81,3.755,1006189.0,570932.0,435258.0,3.84,50.0,3.839,39.0,3.838,90.0,3.837,501.0,3.836,10.0,3.845,5001.0,3.846,3120.0,3.847,80.0,3.849,20.0,3.85,845.0,13.0,20150731132255,0.03,0.79,3.876,3.752,3.846,1006189.0,38555.0,0.0,0.0,3.25,0.0,0.0,0.0,-1.0,-1.0,0.48,0.088,0.368,0.064
0,159902,3.837,3.81,3.755,1006597.0,569577.0,437020.0,3.837,286.0,3.836,10.0,3.835,2.0,3.834,3.0,3.823,26.0,3.838,86.0,3.839,2001.0,3.84,45.0,3.842,3000.0,3.843,3100.0,13.0,20150731132358,0.027,0.71,3.876,3.752,3.84,1006597.0,38571.0,0.0,0.0,3.25,0.0,0.0,0.0,4.191,3.429,0.48,0.088,0.368,0.064
0,159902,3.837,3.81,3.755,1006667.0,569577.0,437090.0,3.837,216.0,3.836,10.0,3.835,2.0,3.834,3.0,3.823,26.0,3.838,550.0,3.84,45.0,3.843,2101.0,3.844,3000.0,3.845,3000.0,13.0,20150731132431,0.027,0.71,3.876,3.752,3.837,1006667.0,38574.0,0.0,0.0,3.25,0.0,0.0,0.0,4.191,3.429,0.48,0.088,0.368,0.064
0,159902,3.838,3.81,3.755,1006976.0,569886.0,437090.0,3.837,216.0,3.836,10.0,3.835,2.0,3.834,3.0,3.825,10000.0,3.838,241.0,3.84,45.0,3.843,100.0,3.846,3020.0,3.847,3030.0,13.0,20150731132507,0.028,0.73,3.876,3.752,3.838,1006976.0,38585.0,0.0,0.0,3.25,0.0,0.0,0.0,4.191,3.429,0.48,0.089,0.368,0.064
0,159902,3.838,3.81,3.755,1007092.0,569894.0,437198.0,3.837,108.0,3.836,10.0,3.834,3.0,3.827,10000.0,3.826,10000.0,3.838,233.0,3.84,45.0,3.843,100.0,3.845,3000.0,3.846,3020.0,13.0,20150731132537,0.028,0.73,3.876,3.752,3.838,1007092.0,38590.0,0.0,0.0,3.25,0.0,0.0,0.0,4.191,3.429,0.48,0.089,0.368,0.064
0,159902,3.837,3.81,3.755,1007117.0,569906.0,437211.0,3.837,95.0,3.836,10.0,3.834,3.0,3.828,10000.0,3.827,10000.0,3.838,221.0,3.84,45.0,3.843,100.0,3.846,20.0,3.847,3030.0,13.0,20150731132558,0.027,0.71,3.876,3.752,3.838,1007117.0,38591.0,0.0,0.0,3.25,0.0,0.0,0.0,4.191,3.429,0.48,0.089,0.368,0.064
0,159902,3.84,3.81,3.755,1007426.0,570215.0,437211.0,3.84,8691.0,3.838,100.0,3.837,95.0,3.836,10.0,3.834,28.0,3.843,100.0,3.845,3000.0,3.846,3020.0,3.847,2031.0,3.848,3000.0,13.0,20150731132622,0.03,0.79,3.876,3.752,3.837,1007426.0,38603.0,0.0,0.0,3.25,0.0,0.0,0.0,4.191,3.429,0.479,0.089,0.367,0.064
0,159902,3.84,3.81,3.755,1012426.0,570215.0,442211.0,3.84,3691.0,3.838,100.0,3.837,95.0,3.836,10.0,3.834,28.0,3.843,100.0,3.845,3000.0,3.846,3020.0,3.847,30.0,3.849,5001.0,13.0,20150731132643,0.03,0.79,3.876,3.752,3.837,1012426.0,38795.0,0.0,0.0,3.25,0.0,0.0,0.0,4.191,3.429,0.477,0.089,0.371,0.064
0,159902,3.84,3.81,3.755,1012426.0,570215.0,442211.0,3.841,50.0,3.84,15.0,3.838,100.0,3.837,95.0,3.836,10.0,3.843,100.0,3.845,3000.0,3.846,5021.0,3.847,3030.0,3.848,3000.0,13.0,20150731132701,0.03,0.79,3.876,3.752,3.84,1012426.0,38795.0,0.0,0.0,3.25,0.0,0.0,0.0,4.191,3.429,0.477,0.089,0.371,0.064
0,159902,3.841,3.81,3.755,1012490.0,571598.0,440892.0,3.84,15.0,3.838,100.0,3.837,95.0,3.836,10.0,3.834,28.0,3.843,86.0,3.844,3000.0,3.845,3000.0,3.846,20.0,3.847,2001.0,13.0,20150731132734,0.031,0.81,3.876,3.752,3.84,1012490.0,38797.0,0.0,0.0,3.25,0.0,0.0,0.0,-1.0,-1.0,0.477,0.089,0.371,0.064
0,159902,3.841,3.81,3.755,1014691.0,570369.0,444322.0,3.841,1505.0,3.838,100.0,3.837,95.0,3.836,10.0,3.834,28.0,3.842,25.0,3.843,86.0,3.844,5001.0,3.845,3000.0,3.846,3020.0,13.0,20150731132846,0.031,0.81,3.876,3.752,3.841,1014691.0,38882.0,0.0,0.0,3.25,0.0,0.0,0.0,4.191,3.429,0.476,0.089,0.37,0.066
0,159902,3.842,3.81,3.755,1014816.0,570494.0,444322.0,3.842,6.0,3.841,1565.0,3.838,100.0,3.837,95.0,3.836,10.0,3.843,86.0,3.846,20.0,3.848,3000.0,3.849,5001.0,3.85,3077.0,13.0,20150731132901,0.032,0.84,3.876,3.752,3.841,1014816.0,38887.0,0.0,0.0,3.25,0.0,0.0,0.0,4.191,3.429,0.476,0.089,0.37,0.066
0,159902,3.841,3.81,3.755,1016392.0,570494.0,445898.0,3.838,100.0,3.837,95.0,3.836,10.0,3.834,28.0,3.831,5000.0,3.842,3025.0,3.843,6086.0,3.844,3000.0,3.846,20.0,3.85,77.0,13.0,20150731132916,0.031,0.81,3.876,3.752,3.842,1016392.0,38947.0,0.0,0.0,3.25,0.0,0.0,0.0,4.191,3.429,0.475,0.088,0.369,0.068
0,159902,3.841,3.81,3.755,1016495.0,571866.0,444630.0,3.837,95.0,3.836,10.0,3.834,28.0,3.833,10000.0,3.832,10000.0,3.841,597.0,3.842,25.0,3.843,86.0,3.845,3009.0,3.846,20.0,13.0,20150731132937,0.031,0.81,3.876,3.752,3.842,1016495.0,38951.0,0.0,0.0,3.25,0.0,0.0,0.0,-1.0,-1.0,0.475,0.088,0.369,0.068
0,159902,3.837,3.81,3.755,1016590.0,570497.0,446093.0,3.836,10.0,3.834,28.0,3.831,10000.0,3.828,500.0,3.823,26.0,3.837,264.0,3.839,3051.0,3.841,3597.0,3.842,3025.0,3.843,3086.0,13.0,20150731133007,0.027,0.71,3.876,3.752,3.837,1016590.0,38955.0,0.0,0.0,3.25,0.0,0.0,0.0,4.191,3.429,0.475,0.088,0.369,0.068
0,159902,3.837,3.81,3.755,1016590.0,570497.0,446093.0,3.836,10.0,3.834,28.0,3.832,10000.0,3.831,10000.0,3.828,500.0,3.837,264.0,3.839,51.0,3.84,50.0,3.841,597.0,3.842,25.0,13.0,20150731133016,0.027,0.71,3.876,3.752,3.837,1016590.0,38955.0,0.0,0.0,3.25,0.0,0.0,0.0,4.191,3.429,0.475,0.088,0.369,0.068
0,159902,3.836,3.81,3.755,1016599.0,571866.0,444734.0,3.836,1.0,3.834,28.0,3.831,10000.0,3.83,10000.0,3.828,500.0,3.837,264.0,3.839,51.0,3.84,50.0,3.841,597.0,3.842,25.0,13.0,20150731133040,0.026,0.68,3.876,3.752,3.837,1016599.0,38955.0,0.0,0.0,3.25,0.0,0.0,0.0,-1.0,-1.0,0.475,0.088,0.369,0.068
0,159902,3.836,3.81,3.755,1016599.0,571866.0,444734.0,3.836,1.0,3.834,28.0,3.831,10000.0,3.83,10000.0,3.828,500.0,3.839,51.0,3.84,50.0,3.841,597.0,3.843,86.0,3.846,20.0,13.0,20150731133056,0.026,0.68,3.876,3.752,3.837,1016599.0,38955.0,0.0,0.0,3.25,0.0,0.0,0.0,-1.0,-1.0,0.475,0.088,0.369,0.068
0,159902,3.836,3.81,3.755,1016599.0,570497.0,446102.0,3.836,1.0,3.834,28.0,3.83,10000.0,3.829,10000.0,3.828,500.0,3.839,51.0,3.84,50.0,3.841,597.0,3.843,86.0,3.846,20.0,13.0,20150731133120,0.026,0.68,3.876,3.752,3.836,1016599.0,38955.0,0.0,0.0,3.25,0.0,0.0,0.0,4.191,3.429,0.475,0.088,0.369,0.068
0,159902,3.836,3.81,3.755,1016599.0,570497.0,446102.0,3.836,1.0,3.834,28.0,3.832,10000.0,3.831,10000.0,3.828,500.0,3.839,51.0,3.84,50.0,3.841,597.0,3.843,86.0,3.846,20.0,13.0,20150731133126,0.026,0.68,3.876,3.752,3.836,1016599.0,38955.0,0.0,0.0,3.25,0.0,0.0,0.0,4.191,3.429,0.475,0.088,0.369,0.068
0,159902,3.836,3.81,3.755,1016599.0,570497.0,446102.0,3.836,1.0,3.834,28.0,3.832,10000.0,3.831,10000.0,3.828,500.0,3.839,51.0,3.84,50.0,3.841,597.0,3.843,86.0,3.846,20.0,13.0,20150731133147,0.026,0.68,3.876,3.752,3.836,1016599.0,38955.0,0.0,0.0,3.25,0.0,0.0,0.0,4.191,3.429,0.475,0.088,0.369,0.068
0,159902,3.836,3.81,3.755,1016600.0,570497.0,446103.0,3.834,28.0,3.832,10000.0,3.831,10000.0,3.828,500.0,3.823,26.0,3.839,51.0,3.84,50.0,3.841,597.0,3.843,236.0,3.846,20.0,13.0,20150731133159,0.026,0.68,3.876,3.752,3.836,1016600.0,38955.0,0.0,0.0,3.25,0.0,0.0,0.0,4.191,3.429,0.475,0.088,0.369,0.068
0,159902,3.836,3.81,3.755,1016600.0,570497.0,446103.0,3.836,54.0,3.834,98.0,3.833,10000.0,3.832,10000.0,3.828,500.0,3.839,401.0,3.84,50.0,3.841,597.0,3.843,236.0,3.846,20.0,13.0,20150731133229,0.026,0.68,3.876,3.752,3.836,1016600.0,38955.0,0.0,0.0,3.25,0.0,0.0,0.0,4.191,3.429,0.475,0.088,0.369,0.068
0,159902,3.836,3.81,3.755,1016620.0,570497.0,446123.0,3.836,64.0,3.834,73.0,3.832,10000.0,3.828,500.0,3.823,26.0,3.839,350.0,3.84,50.0,3.841,597.0,3.843,236.0,3.846,20.0,13.0,20150731133323,0.026,0.68,3.876,3.752,3.836,1016620.0,38956.0,0.0,0.0,3.25,0.0,0.0,0.0,4.191,3.429,0.475,0.088,0.369,0.068
0,159902,3.839,3.81,3.755,1016650.0,570527.0,446123.0,3.837,25.0,3.836,64.0,3.834,73.0,3.828,500.0,3.823,26.0,3.839,320.0,3.84,50.0,3.841,597.0,3.843,236.0,3.846,20.0,13.0,20150731133341,0.029,0.76,3.876,3.752,3.836,1016650.0,38957.0,0.0,0.0,3.25,0.0,0.0,0.0,4.191,3.429,0.475,0.088,0.369,0.068
0,159902,3.839,3.81,3.755,1016650.0,570527.0,446123.0,3.837,25.0,3.836,64.0,3.835,10000.0,3.834,73.0,3.828,500.0,3.839,320.0,3.84,50.0,3.841,597.0,3.843,236.0,3.846,20.0,13.0,20150731133356,0.029,0.76,3.876,3.752,3.836,1016650.0,38957.0,0.0,0.0,3.25,0.0,0.0,0.0,4.191,3.429,0.475,0.088,0.369,0.068
0,159902,3.839,3.81,3.755,1016678.0,570552.0,446126.0,3.837,10022.0,3.836,10064.0,3.834,73.0,3.828,500.0,3.823,26.0,3.839,295.0,3.84,70.0,3.841,597.0,3.843,236.0,3.846,20.0,13.0,20150731133420,0.029,0.76,3.876,3.752,3.839,1016678.0,38958.0,0.0,0.0,3.25,0.0,0.0,0.0,4.191,3.429,0.475,0.089,0.369,0.068
0,159902,3.839,3.81,3.755,1016678.0,571920.0,444758.0,3.837,10022.0,3.836,64.0,3.834,73.0,3.828,500.0,3.823,26.0,3.839,295.0,3.84,20.0,3.841,597.0,3.843,236.0,3.846,20.0,13.0,20150731133441,0.029,0.76,3.876,3.752,3.839,1016678.0,38958.0,0.0,0.0,3.25,0.0,0.0,0.0,-1.0,-1.0,0.475,0.089,0.369,0.068
0,159902,3.839,3.81,3.755,1016755.0,571998.0,444758.0,3.837,22.0,3.836,134.0,3.834,73.0,3.828,500.0,3.823,26.0,3.839,218.0,3.84,20.0,3.841,597.0,3.843,236.0,3.846,20.0,13.0,20150731133453,0.029,0.76,3.876,3.752,3.839,1016755.0,38961.0,0.0,0.0,3.25,0.0,0.0,0.0,-1.0,-1.0,0.474,0.089,0.369,0.068
0,159902,3.841,3.81,3.755,1017590.0,571464.0,446126.0,3.841,4404.0,3.84,5000.0,3.839,10077.0,3.838,10000.0,3.837,22.0,3.843,236.0,3.846,20.0,3.849,50.0,3.85,77.0,3.855,333.0,13.0,20150731133523,0.031,0.81,3.876,3.752,3.839,1017590.0,38993.0,0.0,0.0,3.25,0.0,0.0,0.0,4.191,3.429,0.474,0.089,0.369,0.068
0,159902,3.843,3.81,3.755,1017826.0,571700.0,446126.0,3.843,4368.0,3.84,15042.0,3.839,10077.0,3.837,22.0,3.836,104.0,3.846,20.0,3.849,50.0,3.85,77.0,3.855,333.0,3.856,31.0,13.0,20150731133538,0.033,0.87,3.876,3.752,3.839,1017826.0,39002.0,0.0,0.0,3.25,0.0,0.0,0.0,4.191,3.429,0.474,0.09,0.369,0.068
0,159902,3.85,3.81,3.755,1021507.0,571847.0,449660.0,3.849,80.0,3.843,59.0,3.842,200.0,3.841,10000.0,3.84,15042.0,3.85,1666.0,3.855,333.0,3.856,31.0,3.86,80.0,3.865,90.0,13.0,20150731133620,0.04,1.05,3.876,3.752,3.85,1021507.0,39144.0,0.0,0.0,3.25,0.0,0.0,0.0,4.191,3.429,0.472,0.089,0.371,0.068
0,159902,3.855,3.81,3.755,1023258.0,573598.0,449660.0,3.85,6541.0,3.849,80.0,3.843,10059.0,3.842,10200.0,3.84,5042.0,3.855,248.0,3.856,31.0,3.86,80.0,3.865,1590.0,3.866,40.0,13.0,20150731133626,0.045,1.18,3.876,3.752,3.85,1023258.0,39211.0,0.0,0.0,3.25,0.0,0.0,0.0,4.191,3.429,0.471,0.091,0.37,0.067
0,159902,3.85,3.81,3.755,1028271.0,573611.0,454660.0,3.851,11541.0,3.85,10000.0,3.849,80.0,3.846,2001.0,3.843,59.0,3.855,235.0,3.856,31.0,3.86,80.0,3.865,90.0,3.866,40.0,13.0,20150731133653,0.04,1.05,3.876,3.752,3.85,1028271.0,39404.0,0.0,0.0,3.25,0.0,0.0,0.0,4.191,3.429,0.469,0.091,0.373,0.067
0,159902,3.86,3.81,3.755,1028913.0,573953.0,454960.0,3.856,10100.0,3.855,9777.0,3.853,5000.0,3.852,100.0,3.851,1541.0,3.86,4.0,3.865,5080.0,3.866,40.0,3.867,30.0,3.868,240.0,13.0,20150731133729,0.05,1.31,3.876,3.752,3.855,1028913.0,39429.0,0.0,0.0,3.25,0.0,0.0,0.0,4.191,3.429,0.468,0.091,0.373,0.067
0,159902,3.86,3.81,3.755,1028923.0,573963.0,454960.0,3.856,100.0,3.853,5000.0,3.852,10100.0,3.851,11541.0,3.85,153.0,3.86,494.0,3.865,5080.0,3.866,40.0,3.867,30.0,3.868,240.0,13.0,20150731133744,0.05,1.31,3.876,3.752,3.855,1028923.0,39429.0,0.0,0.0,3.25,0.0,0.0,0.0,4.191,3.429,0.468,0.091,0.373,0.067
0,159902,3.865,3.81,3.755,1029471.0,574511.0,454960.0,3.858,21.0,3.856,100.0,3.855,10000.0,3.854,10000.0,3.853,5000.0,3.865,5026.0,3.866,40.0,3.867,30.0,3.868,240.0,3.869,100.0,13.0,20150731133805,0.055,1.44,3.876,3.752,3.865,1029471.0,39451.0,0.0,0.0,3.25,0.0,0.0,0.0,4.191,3.429,0.468,0.092,0.373,0.067
0,159902,3.865,3.81,3.755,1029471.0,574511.0,454960.0,3.858,21.0,3.857,1541.0,3.856,100.0,3.853,10000.0,3.852,100.0,3.865,5026.0,3.866,100.0,3.867,30.0,3.868,240.0,3.869,100.0,13.0,20150731133826,0.055,1.44,3.876,3.752,3.865,1029471.0,39451.0,0.0,0.0,3.25,0.0,0.0,0.0,4.191,3.429,0.468,0.092,0.373,0.067
0,159902,3.865,3.81,3.755,1029501.0,574541.0,454960.0,3.86,10.0,3.858,21.0,3.857,1541.0,3.856,100.0,3.854,10000.0,3.864,50.0,3.866,100.0,3.867,30.0,3.868,240.0,3.869,100.0,13.0,20150731133841,0.055,1.44,3.876,3.752,3.865,1029501.0,39452.0,0.0,0.0,3.25,0.0,0.0,0.0,4.191,3.429,0.468,0.092,0.373,0.067
0,159902,3.858,3.81,3.755,1029512.0,575910.0,453602.0,3.858,20.0,3.857,1541.0,3.856,100.0,3.855,10000.0,3.854,10000.0,3.86,4986.0,3.864,50.0,3.865,140.0,3.866,100.0,3.867,30.0,13.0,20150731133850,0.048,1.26,3.876,3.752,3.865,1029512.0,39452.0,0.0,0.0,3.25,0.0,0.0,0.0,-1.0,-1.0,0.468,0.092,0.373,0.067
0,159902,3.86,3.81,3.755,1031158.0,576187.0,454971.0,3.859,18.0,3.858,20.0,3.856,100.0,3.855,10000.0,3.854,10000.0,3.86,3420.0,3.864,50.0,3.865,140.0,3.866,100.0,3.867,30.0,13.0,20150731133908,0.05,1.31,3.876,3.752,3.858,1031158.0,39516.0,0.0,0.0,3.25,0.0,0.0,0.0,4.191,3.429,0.467,0.093,0.372,0.067
0,159902,3.873,3.81,3.755,1046564.0,581510.0,465054.0,3.869,328.0,3.868,13.0,3.865,761.0,3.859,18.0,3.858,20.0,3.873,4917.0,3.876,90.0,3.879,101.0,3.88,181.0,3.882,1500.0,13.0,20150731134014,0.063,1.65,3.876,3.752,3.874,1046564.0,40112.0,0.0,0.0,3.25,0.0,0.0,0.0,4.191,3.429,0.463,0.094,0.377,0.066
0,159902,3.873,3.81,3.755,1052162.0,588404.0,463758.0,3.865,712.0,3.862,50.0,3.861,10000.0,3.86,10000.0,3.858,2028.0,3.873,1249.0,3.876,73.0,3.879,101.0,3.88,181.0,3.883,1520.0,13.0,20150731134108,0.063,1.65,3.876,3.752,3.873,1052162.0,40328.0,0.0,0.0,3.25,0.0,0.0,0.0,-1.0,-1.0,0.465,0.094,0.375,0.066
0,159902,3.873,3.81,3.755,1052263.0,588506.0,463758.0,3.865,762.0,3.862,10050.0,3.861,10000.0,3.858,27.0,3.857,2001.0,3.873,1218.0,3.876,73.0,3.878,55.0,3.879,101.0,3.88,231.0,13.0,20150731134132,0.063,1.65,3.876,3.752,3.873,1052263.0,40332.0,0.0,0.0,3.25,0.0,0.0,0.0,-1.0,-1.0,0.465,0.094,0.375,0.066
0,159902,3.87,3.81,3.755,1052449.0,587136.0,465313.0,3.87,4819.0,3.867,95.0,3.865,762.0,3.862,50.0,3.861,10000.0,3.871,500.0,3.872,30.0,3.873,1198.0,3.875,28.0,3.876,73.0,13.0,20150731134205,0.06,1.57,3.876,3.752,3.87,1052449.0,40340.0,0.0,0.0,3.25,0.0,0.0,0.0,4.191,3.429,0.465,0.094,0.375,0.066
0,159902,3.87,3.81,3.755,1053034.0,587236.0,465798.0,3.87,4352.0,3.867,95.0,3.865,762.0,3.862,50.0,3.858,27.0,3.871,382.0,3.872,10.0,3.873,1247.0,3.874,100.0,3.875,28.0,13.0,20150731134238,0.06,1.57,3.876,3.752,3.87,1053034.0,40362.0,0.0,0.0,3.25,0.0,0.0,0.0,4.191,3.429,0.465,0.094,0.374,0.067
0,159902,3.87,3.81,3.755,1054446.0,587236.0,467210.0,3.87,2940.0,3.867,95.0,3.865,712.0,3.862,50.0,3.858,10027.0,3.871,483.0,3.872,10.0,3.873,49.0,3.874,1600.0,3.876,73.0,13.0,20150731134259,0.06,1.57,3.876,3.752,3.87,1054446.0,40417.0,0.0,0.0,3.25,0.0,0.0,0.0,4.191,3.429,0.464,0.094,0.374,0.068
0,159902,3.87,3.81,3.755,1055842.0,587236.0,468606.0,3.87,1544.0,3.867,95.0,3.865,712.0,3.862,50.0,3.858,27.0,3.871,583.0,3.872,110.0,3.873,1549.0,3.874,100.0,3.876,123.0,13.0,20150731134317,0.06,1.57,3.876,3.752,3.87,1055842.0,40471.0,0.0,0.0,3.25,0.0,0.0,0.0,4.191,3.429,0.463,0.094,0.373,0.069
0,159902,3.87,3.81,3.755,1056535.0,587236.0,469299.0,3.87,851.0,3.867,95.0,3.865,712.0,3.862,50.0,3.858,27.0,3.871,583.0,3.872,110.0,3.873,49.0,3.874,100.0,3.876,123.0,13.0,20150731134335,0.06,1.57,3.876,3.752,3.87,1056535.0,40498.0,0.0,0.0,3.25,0.0,0.0,0.0,4.191,3.429,0.463,0.094,0.373,0.07
0,159902,3.871,3.81,3.755,1056655.0,587311.0,469344.0,3.87,796.0,3.867,95.0,3.865,712.0,3.862,50.0,3.858,27.0,3.871,1918.0,3.872,110.0,3.873,49.0,3.874,100.0,3.876,123.0,13.0,20150731134350,0.061,1.6,3.876,3.752,3.87,1056655.0,40502.0,0.0,0.0,3.25,0.0,0.0,0.0,4.191,3.429,0.463,0.094,0.373,0.071
0,159902,3.872,3.81,3.755,1059840.0,589697.0,470143.0,3.871,742.0,3.867,95.0,3.865,712.0,3.862,50.0,3.858,27.0,3.872,10.0,3.873,49.0,3.874,100.0,3.876,123.0,3.878,55.0,13.0,20150731134417,0.062,1.63,3.876,3.752,3.87,1059840.0,40626.0,0.0,0.0,3.25,0.0,0.0,0.0,4.191,3.429,0.462,0.096,0.372,0.071
0,159902,3.87,3.81,3.755,1060632.0,589697.0,470935.0,3.867,95.0,3.865,712.0,3.862,250.0,3.858,27.0,3.857,10000.0,3.868,713.0,3.871,4.0,3.872,10.0,3.873,49.0,3.874,100.0,13.0,20150731134429,0.06,1.57,3.876,3.752,3.87,1060632.0,40656.0,0.0,0.0,3.25,0.0,0.0,0.0,4.191,3.429,0.461,0.096,0.371,0.071
0,159902,3.867,3.81,3.755,1061794.0,589802.0,471992.0,3.858,27.0,3.855,2001.0,3.852,100.0,3.85,83.0,3.849,80.0,3.867,5000.0,3.87,1500.0,3.872,10.0,3.873,49.0,3.874,100.0,13.0,20150731134447,0.057,1.5,3.876,3.752,3.87,1061794.0,40701.0,0.0,0.0,3.25,0.0,0.0,0.0,4.191,3.429,0.461,0.096,0.371,0.072
0,159902,3.866,3.81,3.755,1061850.0,589858.0,471992.0,3.858,27.0,3.852,100.0,3.85,83.0,3.849,80.0,3.845,50.0,3.866,3891.0,3.867,5000.0,3.872,1510.0,3.873,49.0,3.874,100.0,13.0,20150731134514,0.056,1.47,3.876,3.752,3.866,1061850.0,40703.0,0.0,0.0,3.25,0.0,0.0,0.0,4.191,3.429,0.461,0.096,0.371,0.072
0,159902,3.861,3.81,3.755,1062130.0,591228.0,470902.0,3.858,27.0,3.852,100.0,3.85,10113.0,3.849,80.0,3.845,50.0,3.861,3621.0,3.862,4000.0,3.866,10.0,3.867,100.0,3.872,10.0,13.0,20150731134538,0.051,1.34,3.876,3.752,3.866,1062130.0,40714.0,0.0,0.0,3.25,0.0,0.0,0.0,-1.0,-1.0,0.46,0.096,0.371,0.073
0,159902,3.858,3.81,3.755,1062388.0,591458.0,470930.0,3.858,14.0,3.853,30.0,3.852,100.0,3.851,10000.0,3.85,10213.0,3.861,3413.0,3.862,3.0,3.866,10.0,3.867,100.0,3.872,10.0,13.0,20150731134559,0.048,1.26,3.876,3.752,3.866,1062388.0,40724.0,0.0,0.0,3.25,0.0,0.0,0.0,-1.0,-1.0,0.46,0.096,0.371,0.073
0,159902,3.853,3.81,3.755,1062496.0,590177.0,472319.0,3.853,24.0,3.852,10100.0,3.851,10000.0,3.85,213.0,3.849,80.0,3.861,3331.0,3.862,3.0,3.866,4010.0,3.872,10.0,3.873,49.0,13.0,20150731134626,0.043,1.13,3.876,3.752,3.858,1062496.0,40728.0,0.0,0.0,3.25,0.0,0.0,0.0,4.191,3.429,0.46,0.096,0.371,0.073
0,159902,3.866,3.81,3.755,1069855.0,597536.0,472319.0,3.866,5092.0,3.865,96.0,3.853,24.0,3.852,100.0,3.85,213.0,3.872,10.0,3.873,49.0,3.874,100.0,3.876,1623.0,3.878,30.0,13.0,20150731134650,0.056,1.47,3.876,3.752,3.858,1069855.0,41013.0,0.0,0.0,3.25,0.0,0.0,0.0,4.191,3.429,0.464,0.096,0.368,0.072
0,159902,3.866,3.81,3.755,1069902.0,597560.0,472342.0,3.866,50.0,3.861,2001.0,3.854,10000.0,3.853,10577.0,3.852,100.0,3.868,4958.0,3.87,900.0,3.872,210.0,3.873,49.0,3.874,100.0,13.0,20150731134711,0.056,1.47,3.876,3.752,3.866,1069902.0,41014.0,0.0,0.0,3.25,0.0,0.0,0.0,4.191,3.429,0.464,0.096,0.368,0.072
0,159902,3.867,3.81,3.755,1072153.0,599760.0,472392.0,3.859,2001.0,3.856,10000.0,3.855,10000.0,3.854,50.0,3.853,577.0,3.867,2749.0,3.868,4958.0,3.87,200.0,3.872,210.0,3.873,49.0,13.0,20150731134729,0.057,1.5,3.876,3.752,3.866,1072153.0,41101.0,0.0,0.0,3.25,0.0,0.0,0.0,4.191,3.429,0.463,0.098,0.367,0.072
0,159902,3.867,3.81,3.755,1073527.0,601134.0,472392.0,3.863,40.0,3.859,2001.0,3.856,10000.0,3.855,10000.0,3.854,71.0,3.867,2275.0,3.868,4958.0,3.87,200.0,3.872,210.0,3.873,49.0,13.0,20150731134750,0.057,1.5,3.876,3.752,3.866,1073527.0,41155.0,0.0,0.0,3.25,0.0,0.0,0.0,4.191,3.429,0.463,0.099,0.366,0.072
0,159902,3.867,3.81,3.755,1073527.0,601134.0,472392.0,3.863,40.0,3.854,21.0,3.853,577.0,3.852,100.0,3.85,213.0,3.867,2275.0,3.868,4958.0,3.87,200.0,3.872,210.0,3.873,49.0,13.0,20150731134802,0.057,1.5,3.876,3.752,3.866,1073527.0,41155.0,0.0,0.0,3.25,0.0,0.0,0.0,4.191,3.429,0.463,0.099,0.366,0.072
0,159902,3.863,3.81,3.755,1074087.0,603004.0,471083.0,3.856,10000.0,3.855,10000.0,3.854,21.0,3.853,577.0,3.852,100.0,3.863,5961.0,3.866,4958.0,3.867,2255.0,3.87,200.0,3.872,210.0,13.0,20150731134832,0.053,1.39,3.876,3.752,3.867,1074087.0,41176.0,0.0,0.0,3.25,0.0,0.0,0.0,-1.0,-1.0,0.462,0.099,0.366,0.072
0,159902,3.862,3.81,3.755,1074102.0,603019.0,471083.0,3.858,2001.0,3.857,50.0,3.856,10000.0,3.855,10002.0,3.854,21.0,3.862,2240.0,3.863,5961.0,3.864,150.0,3.866,4958.0,3.87,200.0,13.0,20150731134847,0.052,1.36,3.876,3.752,3.867,1074102.0,41177.0,0.0,0.0,3.25,0.0,0.0,0.0,-1.0,-1.0,0.461,0.101,0.365,0.072
0,159902,3.862,3.81,3.755,1076105.0,603652.0,472454.0,3.858,30.0,3.857,150.0,3.856,10050.0,3.855,10000.0,3.854,21.0,3.862,237.0,3.863,5961.0,3.864,150.0,3.866,4958.0,3.87,200.0,13.0,20150731134914,0.052,1.36,3.876,3.752,3.862,1076105.0,41254.0,0.0,0.0,3.25,0.0,0.0,0.0,4.191,3.429,0.461,0.101,0.365,0.072
0,159902,3.862,3.81,3.755,1076105.0,603652.0,472454.0,3.858,30.0,3.857,150.0,3.856,10050.0,3.855,10000.0,3.854,21.0,3.862,237.0,3.863,5961.0,3.864,150.0,3.866,4958.0,3.87,200.0,13.0,20150731134923,0.052,1.36,3.876,3.752,3.862,1076105.0,41254.0,0.0,0.0,3.25,0.0,0.0,0.0,4.191,3.429,0.461,0.101,0.365,0.072
0,159902,3.857,3.81,3.755,1083063.0,603652.0,479412.0,3.861,35.0,3.859,50.0,3.858,5000.0,3.857,10000.0,3.856,10050.0,3.862,237.0,3.863,5961.0,3.864,150.0,3.87,200.0,3.872,110.0,13.0,20150731134950,0.047,1.23,3.876,3.752,3.862,1083063.0,41522.0,0.0,0.0,3.25,0.0,0.0,0.0,4.191,3.429,0.458,0.101,0.37,0.071
0,159902,3.861,3.81,3.755,1083065.0,603652.0,479414.0,3.861,33.0,3.859,191.0,3.858,10021.0,3.857,10000.0,3.856,50.0,3.862,237.0,3.863,5961.0,3.864,150.0,3.87,200.0,3.872,110.0,13.0,20150731135003,0.051,1.34,3.876,3.752,3.861,1083065.0,41523.0,0.0,0.0,3.25,0.0,0.0,0.0,4.191,3.429,0.458,0.101,0.37,0.071
0,159902,3.861,3.81,3.755,1083065.0,603652.0,479414.0,3.861,33.0,3.859,191.0,3.858,21.0,3.856,50.0,3.855,10000.0,3.862,237.0,3.863,5961.0,3.864,150.0,3.87,200.0,3.872,110.0,13.0,20150731135030,0.051,1.34,3.876,3.752,3.861,1083065.0,41523.0,0.0,0.0,3.25,0.0,0.0,0.0,4.191,3.429,0.458,0.101,0.37,0.071
0,159902,3.861,3.81,3.755,1083098.0,603652.0,479446.0,3.859,191.0,3.858,21.0,3.857,15.0,3.856,308.0,3.854,10000.0,3.861,5953.0,3.862,237.0,3.864,150.0,3.87,200.0,3.872,110.0,13.0,20150731135042,0.051,1.34,3.876,3.752,3.861,1083098.0,41524.0,0.0,0.0,3.25,0.0,0.0,0.0,4.191,3.429,0.458,0.101,0.37,0.071
0,159902,3.858,3.81,3.755,1083336.0,603652.0,479684.0,3.858,75.0,3.857,15.0,3.856,308.0,3.853,224.0,3.852,10100.0,3.864,150.0,3.87,200.0,3.872,110.0,3.874,100.0,3.875,1542.0,13.0,20150731135103,0.048,1.26,3.876,3.752,3.861,1083336.0,41533.0,0.0,0.0,3.25,0.0,0.0,0.0,4.191,3.429,0.455,0.1,0.374,0.071
0,159902,3.853,3.81,3.755,1089288.0,603652.0,485636.0,3.854,10000.0,3.852,100.0,3.851,10000.0,3.85,10213.0,3.849,80.0,3.858,37.0,3.859,7.0,3.864,150.0,3.87,200.0,3.872,110.0,13.0,20150731135121,0.043,1.13,3.876,3.752,3.861,1089288.0,41762.0,0.0,0.0,3.25,0.0,0.0,0.0,4.191,3.429,0.455,0.1,0.374,0.071
0,159902,3.853,3.81,3.755,1089288.0,603652.0,485636.0,3.855,25.0,3.852,100.0,3.851,10000.0,3.85,10213.0,3.849,80.0,3.858,30.0,3.859,7.0,3.864,150.0,3.87,200.0,3.872,110.0,13.0,20150731135142,0.043,1.13,3.876,3.752,3.861,1089288.0,41762.0,0.0,0.0,3.25,0.0,0.0,0.0,4.191,3.429,0.455,0.1,0.374,0.071
0,159902,3.855,3.81,3.755,1089302.0,603662.0,485640.0,3.855,20.0,3.852,100.0,3.85,10213.0,3.849,10080.0,3.848,50.0,3.858,21.0,3.859,7.0,3.864,150.0,3.87,200.0,3.872,1610.0,13.0,20150731135157,0.045,1.18,3.876,3.752,3.861,1089302.0,41763.0,0.0,0.0,3.25,0.0,0.0,0.0,4.191,3.429,0.455,0.1,0.374,0.071
0,159902,3.857,3.81,3.755,1109302.0,613662.0,495640.0,3.854,5000.0,3.852,100.0,3.85,130.0,3.849,10080.0,3.848,10050.0,3.858,221.0,3.859,7.0,3.864,150.0,3.87,200.0,3.872,110.0,13.0,20150731135221,0.047,1.23,3.876,3.752,3.857,1109302.0,42534.0,0.0,0.0,3.25,0.0,0.0,0.0,4.191,3.429,0.455,0.1,0.374,0.071
0,159902,3.858,3.81,3.755,1114399.0,616258.0,498140.0,3.857,5000.0,3.854,5000.0,3.852,100.0,3.85,10130.0,3.849,80.0,3.858,124.0,3.859,7.0,3.864,150.0,3.87,200.0,3.872,110.0,13.0,20150731135236,0.048,1.26,3.876,3.752,3.857,1114399.0,42731.0,0.0,0.0,3.25,0.0,0.0,0.0,4.191,3.429,0.455,0.1,0.374,0.071
0,159902,3.858,3.81,3.755,1119528.0,622752.0,496776.0,3.858,371.0,3.857,10000.0,3.855,50.0,3.852,100.0,3.85,10130.0,3.859,7.0,3.864,150.0,3.869,5000.0,3.87,200.0,3.872,110.0,13.0,20150731135257,0.048,1.26,3.876,3.752,3.857,1119528.0,42929.0,0.0,0.0,3.25,0.0,0.0,0.0,-1.0,-1.0,0.458,0.1,0.372,0.071
0,159902,3.858,3.81,3.755,1119528.0,621382.0,498146.0,3.858,371.0,3.857,10000.0,3.855,50.0,3.853,10000.0,3.852,10100.0,3.859,7.0,3.864,150.0,3.869,5000.0,3.87,200.0,3.872,110.0,13.0,20150731135321,0.048,1.26,3.876,3.752,3.858,1119528.0,42929.0,0.0,0.0,3.25,0.0,0.0,0.0,4.191,3.429,0.458,0.1,0.372,0.071
0,159902,3.859,3.81,3.755,1119535.0,621390.0,498146.0,3.859,93.0,3.858,471.0,3.857,10000.0,3.855,50.0,3.852,100.0,3.864,150.0,3.869,5000.0,3.87,200.0,3.872,110.0,3.873,32.0,13.0,20150731135336,0.049,1.29,3.876,3.752,3.858,1119535.0,42929.0,0.0,0.0,3.25,0.0,0.0,0.0,4.191,3.429,0.458,0.1,0.372,0.071
0,159902,3.864,3.81,3.755,1119645.0,622869.0,496776.0,3.859,193.0,3.858,471.0,3.857,10000.0,3.855,50.0,3.852,100.0,3.864,40.0,3.869,5000.0,3.87,200.0,3.872,10.0,3.873,32.0,13.0,20150731135403,0.054,1.42,3.876,3.752,3.864,1119645.0,42933.0,0.0,0.0,3.25,0.0,0.0,0.0,-1.0,-1.0,0.458,0.1,0.372,0.071
0,159902,3.864,3.81,3.755,1119685.0,621540.0,498146.0,3.864,110.0,3.859,193.0,3.858,471.0,3.857,10000.0,3.855,50.0,3.869,5000.0,3.87,200.0,3.872,10.0,3.873,32.0,3.874,100.0,13.0,20150731135415,0.054,1.42,3.876,3.752,3.864,1119685.0,42935.0,0.0,0.0,3.25,0.0,0.0,0.0,4.191,3.429,0.46,0.1,0.37,0.07
0,159902,3.876,3.81,3.755,1125157.0,626924.0,498234.0,3.874,523.0,3.865,200.0,3.864,60.0,3.861,10000.0,3.86,10000.0,3.876,93.0,3.878,30.0,3.879,101.0,3.88,281.0,3.881,10.0,13.0,20150731135442,0.066,1.73,3.876,3.752,3.864,1125157.0,43147.0,0.0,0.0,3.25,0.0,0.0,0.0,4.191,3.429,0.46,0.1,0.37,0.07
0,159902,3.878,3.81,3.755,1128943.0,628730.0,500213.0,3.87,260.0,3.866,5000.0,3.865,200.0,3.864,10060.0,3.863,10000.0,3.878,437.0,3.879,101.0,3.88,281.0,3.881,10.0,3.882,30.0,13.0,20150731135457,0.068,1.78,3.878,3.752,3.864,1128943.0,43293.0,0.0,0.0,3.31,0.0,0.0,0.0,-1.0,-1.0,0.458,0.101,0.371,0.071
0,159902,3.885,3.81,3.755,1139450.0,637358.0,502092.0,3.885,5.0,3.881,159.0,3.88,950.0,3.879,350.0,3.878,10500.0,3.888,37.0,3.889,100.0,3.89,175.0,3.895,10.0,3.896,20.0,13.0,20150731135606,0.075,1.97,3.888,3.752,3.885,1139450.0,43701.0,0.0,0.0,3.57,0.0,0.0,0.0,4.191,3.429,0.457,0.106,0.367,0.07
0,159902,3.902,3.81,3.755,1140714.0,638622.0,502092.0,3.902,4615.0,3.899,239.0,3.888,50.0,3.886,3.0,3.883,10000.0,3.907,1500.0,3.909,500.0,3.91,260.0,3.911,50.0,3.916,20.0,13.0,20150731135627,0.092,2.41,3.902,3.752,3.885,1140714.0,43750.0,0.0,0.0,3.94,0.0,0.0,0.0,4.191,3.429,0.456,0.107,0.367,0.071
0,159902,3.902,3.81,3.755,1146116.0,638842.0,507274.0,3.91,40.0,3.9,50.0,3.899,239.0,3.896,340.0,3.895,10.0,3.911,3050.0,3.916,20.0,3.92,1047.0,3.924,54.0,3.929,200.0,13.0,20150731135642,0.092,2.41,3.91,3.752,3.885,1146116.0,43961.0,0.0,0.0,4.15,0.0,0.0,0.0,4.191,3.429,0.453,0.107,0.37,0.07
0,159902,3.909,3.81,3.755,1147148.0,640863.0,506285.0,3.907,2.0,3.904,200.0,3.901,100.0,3.9,20.0,3.899,239.0,3.909,2400.0,3.91,3233.0,3.911,80.0,3.916,20.0,3.92,1017.0,13.0,20150731135706,0.099,2.6,3.91,3.752,3.91,1147148.0,44001.0,0.0,0.0,4.15,0.0,0.0,0.0,-1.0,-1.0,0.453,0.107,0.369,0.07
0,159902,3.904,3.81,3.755,1147410.0,639494.0,507916.0,3.905,213.0,3.901,200.0,3.9,20.0,3.895,10.0,3.89,5000.0,3.91,125.0,3.911,3080.0,3.912,3015.0,3.916,20.0,3.92,1017.0,13.0,20150731135721,0.094,2.47,3.91,3.752,3.91,1147410.0,44011.0,0.0,0.0,4.15,0.0,0.0,0.0,4.191,3.429,0.453,0.107,0.369,0.071
0,159902,3.907,3.81,3.755,1150166.0,642601.0,507565.0,3.905,213.0,3.901,400.0,3.9,20.0,3.895,10.0,3.893,10000.0,3.907,2000.0,3.908,1700.0,3.909,146.0,3.91,1000.0,3.916,20.0,13.0,20150731135745,0.097,2.55,3.912,3.752,3.91,1150166.0,44119.0,0.0,0.0,4.2,0.0,0.0,0.0,-1.0,-1.0,0.452,0.108,0.369,0.071
0,159902,3.907,3.81,3.755,1150953.0,642989.0,507964.0,3.905,41.0,3.901,300.0,3.9,20.0,3.895,10.0,3.893,10000.0,3.907,2952.0,3.908,1589.0,3.91,1000.0,3.916,20.0,3.918,15.0,13.0,20150731135800,0.097,2.55,3.912,3.752,3.91,1150953.0,44150.0,0.0,0.0,4.2,0.0,0.0,0.0,-1.0,-1.0,0.452,0.109,0.368,0.072
0,159902,3.901,3.81,3.755,1152170.0,642158.0,510012.0,3.901,73.0,3.9,20.0,3.895,10.0,3.892,10000.0,3.891,10020.0,3.905,30.0,3.907,20.0,3.908,3000.0,3.909,3000.0,3.91,1000.0,13.0,20150731135821,0.091,2.39,3.912,3.752,3.908,1152170.0,44197.0,0.0,0.0,4.2,0.0,0.0,0.0,4.191,3.429,0.452,0.109,0.368,0.072
0,159902,3.905,3.81,3.755,1152882.0,642168.0,510714.0,3.905,13.0,3.901,66.0,3.9,20.0,3.895,115.0,3.891,20.0,3.907,350.0,3.908,3051.0,3.909,3000.0,3.912,100.0,3.915,2001.0,13.0,20150731135845,0.095,2.49,3.912,3.752,3.908,1152882.0,44225.0,0.0,0.0,4.2,0.0,0.0,0.0,4.191,3.429,0.451,0.109,0.368,0.072
0,159902,3.905,3.81,3.755,1152892.0,643538.0,509354.0,3.905,3.0,3.901,66.0,3.9,120.0,3.895,110.0,3.891,20.0,3.907,3350.0,3.908,5052.0,3.912,100.0,3.916,20.0,3.918,15.0,13.0,20150731135900,0.095,2.49,3.912,3.752,3.907,1152892.0,44226.0,0.0,0.0,4.2,0.0,0.0,0.0,-1.0,-1.0,0.451,0.109,0.368,0.072
0,159902,3.901,3.81,3.755,1153042.0,642214.0,510828.0,3.901,34.0,3.9,120.0,3.895,110.0,3.891,20.0,3.889,45.0,3.903,2885.0,3.904,3000.0,3.905,140.0,3.907,472.0,3.909,200.0,13.0,20150731135924,0.091,2.39,3.912,3.752,3.905,1153042.0,44231.0,0.0,0.0,4.2,0.0,0.0,0.0,4.191,3.429,0.451,0.109,0.368,0.072
0,159902,3.9,3.81,3.755,1153319.0,642332.0,510988.0,3.895,108.0,3.891,20.0,3.889,45.0,3.888,50.0,3.881,159.0,3.9,2996.0,3.901,3560.0,3.902,50.0,3.905,145.0,3.907,122.0,13.0,20150731135948,0.09,2.36,3.912,3.752,3.905,1153319.0,44242.0,0.0,0.0,4.2,0.0,0.0,0.0,4.191,3.429,0.451,0.109,0.368,0.073
0,159902,3.891,3.81,3.755,1153502.0,643756.0,509746.0,3.889,45.0,3.888,50.0,3.882,127.0,3.881,159.0,3.88,1000.0,3.895,142.0,3.899,3000.0,3.9,155.0,3.901,560.0,3.902,50.0,14.0,20150731140006,0.081,2.13,3.912,3.752,3.895,1153502.0,44249.0,0.0,0.0,4.2,0.0,0.0,0.0,-1.0,-1.0,0.451,0.109,0.368,0.073
0,159902,3.888,3.81,3.755,1154740.0,643260.0,511480.0,3.881,117.0,3.88,1000.0,3.879,200.0,3.875,30.0,3.872,5.0,3.888,20.0,3.891,4.0,3.894,90.0,3.9,155.0,3.901,91.0,14.0,20150731140021,0.078,2.05,3.912,3.752,3.895,1154740.0,44298.0,0.0,0.0,4.2,0.0,0.0,0.0,4.191,3.429,0.45,0.109,0.367,0.073
0,159902,3.888,3.81,3.755,1155777.0,644068.0,511710.0,3.888,134.0,3.881,495.0,3.88,950.0,3.879,200.0,3.875,30.0,3.894,3000.0,3.895,3000.0,3.9,155.0,3.901,91.0,3.902,50.0,14.0,20150731140042,0.078,2.05,3.912,3.752,3.895,1155777.0,44338.0,0.0,0.0,4.2,0.0,0.0,0.0,4.191,3.429,0.45,0.11,0.367,0.073
0,159902,3.888,3.81,3.755,1158777.0,646065.0,512712.0,3.888,7.0,3.881,495.0,3.88,950.0,3.879,200.0,3.875,30.0,3.896,2001.0,3.9,150.0,3.901,91.0,3.902,50.0,3.905,340.0,14.0,20150731140057,0.078,2.05,3.912,3.752,3.895,1158777.0,44455.0,0.0,0.0,4.2,0.0,0.0,0.0,4.191,3.429,0.449,0.112,0.366,0.074
0,159902,3.886,3.81,3.755,1161204.0,648454.0,512750.0,3.886,766.0,3.881,495.0,3.88,1364.0,3.879,200.0,3.875,30.0,3.888,6000.0,3.889,6000.0,3.9,150.0,3.901,91.0,3.902,50.0,14.0,20150731140127,0.076,1.99,3.912,3.752,3.888,1161204.0,44549.0,0.0,0.0,4.2,0.0,0.0,0.0,4.191,3.429,0.448,0.114,0.365,0.074
0,159902,3.883,3.81,3.755,1163645.0,649966.0,513679.0,3.882,10.0,3.881,545.0,3.88,1379.0,3.879,200.0,3.875,30.0,3.886,23.0,3.898,2001.0,3.9,150.0,3.901,91.0,3.902,50.0,14.0,20150731140142,0.073,1.92,3.912,3.752,3.888,1163645.0,44644.0,0.0,0.0,4.2,0.0,0.0,0.0,4.191,3.429,0.447,0.115,0.364,0.074
0,159902,3.889,3.81,3.755,1163739.0,650059.0,513680.0,3.888,487.0,3.883,100.0,3.882,337.0,3.881,612.0,3.88,1364.0,3.891,6000.0,3.9,199.0,3.901,91.0,3.902,50.0,3.905,2341.0,14.0,20150731140206,0.079,2.07,3.912,3.752,3.882,1163739.0,44647.0,0.0,0.0,4.2,0.0,0.0,0.0,4.191,3.429,0.447,0.115,0.364,0.074
0,159902,3.886,3.81,3.755,1164530.0,650362.0,514168.0,3.886,28.0,3.882,377.0,3.881,612.0,3.88,1379.0,3.879,200.0,3.888,6000.0,3.889,6000.0,3.9,159.0,3.901,91.0,3.902,2051.0,14.0,20150731140227,0.076,1.99,3.912,3.752,3.882,1164530.0,44678.0,0.0,0.0,4.2,0.0,0.0,0.0,4.191,3.429,0.446,0.115,0.364,0.075
0,159902,3.888,3.81,3.755,1164972.0,650802.0,514170.0,3.888,326.0,3.886,58.0,3.884,60.0,3.882,407.0,3.881,612.0,3.891,6000.0,3.892,6000.0,3.9,159.0,3.901,91.0,3.902,50.0,14.0,20150731140248,0.078,2.05,3.912,3.752,3.882,1164972.0,44695.0,0.0,0.0,4.2,0.0,0.0,0.0,4.191,3.429,0.446,0.115,0.364,0.075
0,159902,3.882,3.81,3.755,1166187.0,650802.0,515386.0,3.881,612.0,3.88,1605.0,3.879,200.0,3.875,10030.0,3.874,10000.0,3.882,2582.0,3.883,3000.0,3.894,2001.0,3.9,159.0,3.901,91.0,14.0,20150731140306,0.072,1.89,3.912,3.752,3.888,1166187.0,44743.0,0.0,0.0,4.2,0.0,0.0,0.0,4.191,3.429,0.445,0.115,0.362,0.078
0,159902,3.873,3.81,3.755,1223619.0,684416.0,539202.0,3.872,5000.0,3.858,30.0,3.855,10.0,3.852,100.0,3.851,20.0,3.899,35.0,3.9,169.0,3.901,91.0,3.902,50.0,3.905,340.0,14.0,20150731140330,0.063,1.65,3.912,3.752,3.888,1223619.0,46966.0,0.0,0.0,4.2,0.0,0.0,0.0,4.191,3.429,0.453,0.11,0.361,0.077
0,159902,3.868,3.81,3.755,1224000.0,684520.0,539480.0,3.875,10000.0,3.874,9989.0,3.86,3.0,3.858,30.0,3.855,10.0,3.899,35.0,3.9,294.0,3.901,91.0,3.902,50.0,3.905,340.0,14.0,20150731140348,0.058,1.52,3.912,3.752,3.888,1224000.0,46981.0,0.0,0.0,4.2,0.0,0.0,0.0,4.191,3.429,0.453,0.11,0.361,0.077
0,159902,3.87,3.81,3.755,1224049.0,684538.0,539510.0,3.869,10000.0,3.861,125.0,3.86,5000.0,3.858,5030.0,3.855,10.0,3.88,70.0,3.896,30.0,3.899,35.0,3.9,169.0,3.901,91.0,14.0,20150731140415,0.06,1.57,3.912,3.752,3.88,1224049.0,46983.0,0.0,0.0,4.2,0.0,0.0,0.0,4.191,3.429,0.453,0.11,0.361,0.077
0,159902,3.862,3.81,3.755,1224061.0,684540.0,539520.0,3.862,4998.0,3.861,139.0,3.86,1.0,3.858,30.0,3.855,10.0,3.88,70.0,3.895,10.0,3.896,30.0,3.899,35.0,3.9,169.0,14.0,20150731140430,0.052,1.36,3.912,3.752,3.88,1224061.0,46983.0,0.0,0.0,4.2,0.0,0.0,0.0,4.191,3.429,0.453,0.11,0.361,0.077
0,159902,3.865,3.81,3.755,1224086.0,684554.0,539532.0,3.866,152.0,3.861,125.0,3.86,10000.0,3.859,10000.0,3.858,30.0,3.88,485.0,3.89,900.0,3.895,10.0,3.896,30.0,3.899,35.0,14.0,20150731140457,0.055,1.44,3.912,3.752,3.88,1224086.0,46984.0,0.0,0.0,4.2,0.0,0.0,0.0,4.191,3.429,0.453,0.11,0.361,0.077
0,159902,3.866,3.81,3.755,1224087.0,684554.0,539533.0,3.866,151.0,3.864,12.0,3.863,2.0,3.861,245.0,3.858,30.0,3.88,485.0,3.89,900.0,3.895,10.0,3.896,30.0,3.899,35.0,14.0,20150731140512,0.056,1.47,3.912,3.752,3.865,1224087.0,46984.0,0.0,0.0,4.2,0.0,0.0,0.0,4.191,3.429,0.453,0.11,0.361,0.077
0,159902,3.88,3.81,3.755,1224199.0,684579.0,539620.0,3.866,64.0,3.863,2.0,3.861,245.0,3.858,30.0,3.855,5002.0,3.88,460.0,3.885,125.0,3.89,900.0,3.895,10.0,3.896,30.0,14.0,20150731140536,0.07,1.84,3.912,3.752,3.865,1224199.0,46989.0,0.0,0.0,4.2,0.0,0.0,0.0,4.191,3.429,0.453,0.11,0.361,0.077
0,159902,3.88,3.81,3.755,1224199.0,684579.0,539620.0,3.866,54.0,3.863,2.0,3.861,245.0,3.858,30.0,3.856,43.0,3.88,601.0,3.884,125.0,3.89,900.0,3.895,10.0,3.896,30.0,14.0,20150731140555,0.07,1.84,3.912,3.752,3.865,1224199.0,46989.0,0.0,0.0,4.2,0.0,0.0,0.0,4.191,3.429,0.453,0.11,0.361,0.077
0,159902,3.866,3.81,3.755,1224283.0,684609.0,539674.0,3.863,2.0,3.862,100.0,3.861,245.0,3.858,30.0,3.855,10.0,3.866,169.0,3.88,601.0,3.882,125.0,3.89,900.0,3.895,10.0,14.0,20150731140613,0.056,1.47,3.912,3.752,3.88,1224283.0,46992.0,0.0,0.0,4.2,0.0,0.0,0.0,4.191,3.429,0.453,0.11,0.361,0.077
0,159902,3.866,3.81,3.755,1224313.0,684639.0,539674.0,3.863,2.0,3.862,100.0,3.861,245.0,3.858,60.0,3.855,5002.0,3.866,141.0,3.88,185.0,3.887,62.0,3.89,900.0,3.895,10.0,14.0,20150731140637,0.056,1.47,3.912,3.752,3.88,1224313.0,46993.0,0.0,0.0,4.2,0.0,0.0,0.0,4.191,3.429,0.453,0.11,0.361,0.077
0,159902,3.863,3.81,3.755,1224354.0,684639.0,539715.0,3.863,119.0,3.862,100.0,3.861,245.0,3.858,60.0,3.855,5002.0,3.866,141.0,3.88,185.0,3.89,900.0,3.895,10.0,3.896,30.0,14.0,20150731140658,0.053,1.39,3.912,3.752,3.88,1224354.0,46995.0,0.0,0.0,4.2,0.0,0.0,0.0,4.191,3.429,0.452,0.11,0.361,0.077
0,159902,3.866,3.81,3.755,1224427.0,684712.0,539715.0,3.863,86.0,3.862,100.0,3.861,125.0,3.858,60.0,3.855,5002.0,3.866,101.0,3.88,285.0,3.89,900.0,3.893,62.0,3.895,10.0,14.0,20150731140716,0.056,1.47,3.912,3.752,3.866,1224427.0,46998.0,0.0,0.0,4.2,0.0,0.0,0.0,4.191,3.429,0.452,0.11,0.361,0.077
0,159902,3.866,3.81,3.755,1224529.0,684814.0,539715.0,3.863,86.0,3.862,100.0,3.861,125.0,3.86,4992.0,3.858,60.0,3.866,4.0,3.879,20.0,3.88,285.0,3.89,900.0,3.895,10.0,14.0,20150731140734,0.056,1.47,3.912,3.752,3.866,1224529.0,47002.0,0.0,0.0,4.2,0.0,0.0,0.0,4.191,3.429,0.452,0.11,0.361,0.077
0,159902,3.868,3.81,3.755,1224748.0,685033.0,539715.0,3.863,56.0,3.862,100.0,3.861,125.0,3.86,4992.0,3.858,60.0,3.868,875.0,3.879,20.0,3.88,285.0,3.89,900.0,3.895,10.0,14.0,20150731140752,0.058,1.52,3.912,3.752,3.866,1224748.0,47010.0,0.0,0.0,4.2,0.0,0.0,0.0,4.191,3.429,0.452,0.11,0.361,0.077
0,159902,3.868,3.81,3.755,1224995.0,685280.0,539716.0,3.866,99.0,3.863,76.0,3.862,100.0,3.861,145.0,3.858,10060.0,3.868,1629.0,3.88,214.0,3.883,62.0,3.89,900.0,3.895,21.0,14.0,20150731140819,0.058,1.52,3.912,3.752,3.868,1224995.0,47020.0,0.0,0.0,4.2,0.0,0.0,0.0,4.191,3.429,0.452,0.11,0.361,0.077
0,159902,3.868,3.81,3.755,1226137.0,686344.0,539794.0,3.866,24.0,3.863,106.0,3.862,100.0,3.861,145.0,3.858,60.0,3.868,565.0,3.88,220.0,3.883,62.0,3.89,900.0,3.895,21.0,14.0,20150731140834,0.058,1.52,3.912,3.752,3.868,1226137.0,47064.0,0.0,0.0,4.2,0.0,0.0,0.0,4.191,3.429,0.452,0.111,0.36,0.077
0,159902,3.866,3.81,3.755,1226191.0,686394.0,539796.0,3.866,21.0,3.863,106.0,3.862,100.0,3.861,145.0,3.86,10000.0,3.868,1519.0,3.88,220.0,3.887,62.0,3.89,900.0,3.895,21.0,14.0,20150731140852,0.056,1.47,3.912,3.752,3.868,1226191.0,47066.0,0.0,0.0,4.2,0.0,0.0,0.0,4.191,3.429,0.452,0.111,0.36,0.077
0,159902,3.868,3.81,3.755,1226349.0,686552.0,539796.0,3.866,41.0,3.863,686.0,3.862,100.0,3.861,145.0,3.858,60.0,3.868,2361.0,3.88,5220.0,3.883,62.0,3.89,900.0,3.895,21.0,14.0,20150731140913,0.058,1.52,3.912,3.752,3.868,1226349.0,47072.0,0.0,0.0,4.2,0.0,0.0,0.0,4.191,3.429,0.452,0.111,0.36,0.077
0,159902,3.863,3.81,3.755,1227120.0,686616.0,540504.0,3.862,100.0,3.861,145.0,3.859,10000.0,3.858,60.0,3.856,537.0,3.863,293.0,3.867,424.0,3.868,2297.0,3.88,5220.0,3.887,62.0,14.0,20150731140937,0.053,1.39,3.912,3.752,3.868,1227120.0,47102.0,0.0,0.0,4.2,0.0,0.0,0.0,4.191,3.429,0.451,0.111,0.36,0.077
0,159902,3.862,3.81,3.755,1227180.0,686666.0,540514.0,3.862,66.0,3.861,145.0,3.858,10060.0,3.857,10000.0,3.855,10.0,3.863,267.0,3.867,7.0,3.868,2297.0,3.88,5220.0,3.89,900.0,14.0,20150731140952,0.052,1.36,3.912,3.752,3.868,1227180.0,47104.0,0.0,0.0,4.2,0.0,0.0,0.0,4.191,3.429,0.451,0.111,0.36,0.077
0,159902,3.862,3.81,3.755,1227180.0,686666.0,540514.0,3.862,66.0,3.861,145.0,3.858,60.0,3.856,5000.0,3.855,10.0,3.863,267.0,3.867,7.0,3.868,2297.0,3.88,220.0,3.887,62.0,14.0,20150731141016,0.052,1.36,3.912,3.752,3.862,1227180.0,47104.0,0.0,0.0,4.2,0.0,0.0,0.0,4.191,3.429,0.451,0.111,0.36,0.077
0,159902,3.862,3.81,3.755,1227276.0,686666.0,540610.0,3.861,175.0,3.858,60.0,3.855,10.0,3.854,10000.0,3.851,20.0,3.862,13.0,3.863,237.0,3.867,7.0,3.868,2297.0,3.88,220.0,14.0,20150731141034,0.052,1.36,3.912,3.752,3.862,1227276.0,47108.0,0.0,0.0,4.2,0.0,0.0,0.0,4.191,3.429,0.451,0.111,0.36,0.078
0,159902,3.862,3.81,3.755,1227276.0,686666.0,540610.0,3.861,175.0,3.858,60.0,3.855,40.0,3.852,10000.0,3.851,10020.0,3.862,38.0,3.863,237.0,3.867,7.0,3.868,2297.0,3.88,214.0,14.0,20150731141101,0.052,1.36,3.912,3.752,3.862,1227276.0,47108.0,0.0,0.0,4.2,0.0,0.0,0.0,4.191,3.429,0.451,0.111,0.36,0.078
0,159902,3.861,3.81,3.755,1227481.0,686696.0,540784.0,3.858,60.0,3.855,70.0,3.854,20.0,3.851,10020.0,3.85,10000.0,3.861,62.0,3.862,14.0,3.867,7.0,3.868,2297.0,3.88,214.0,14.0,20150731141119,0.051,1.34,3.912,3.752,3.862,1227481.0,47116.0,0.0,0.0,4.2,0.0,0.0,0.0,4.191,3.429,0.451,0.111,0.36,0.078
0,159902,3.861,3.81,3.755,1227481.0,686696.0,540784.0,3.858,60.0,3.856,50.0,3.855,70.0,3.854,20.0,3.851,10020.0,3.861,162.0,3.862,14.0,3.867,7.0,3.868,2005.0,3.88,214.0,14.0,20150731141143,0.051,1.34,3.912,3.752,3.862,1227481.0,47116.0,0.0,0.0,4.2,0.0,0.0,0.0,4.191,3.429,0.451,0.111,0.36,0.078
0,159902,3.861,3.81,3.755,1227493.0,686708.0,540784.0,3.858,60.0,3.856,50.0,3.855,60.0,3.854,20.0,3.852,518.0,3.861,165.0,3.862,14.0,3.867,7.0,3.868,2005.0,3.88,214.0,14.0,20150731141201,0.051,1.34,3.912,3.752,3.862,1227493.0,47116.0,0.0,0.0,4.2,0.0,0.0,0.0,4.191,3.429,0.451,0.111,0.36,0.078
0,159902,3.858,3.81,3.755,1227494.0,686708.0,540786.0,3.858,59.0,3.856,50.0,3.855,60.0,3.854,20.0,3.852,518.0,3.861,165.0,3.862,14.0,3.867,7.0,3.868,2005.0,3.88,144.0,14.0,20150731141222,0.048,1.26,3.912,3.752,3.861,1227494.0,47116.0,0.0,0.0,4.2,0.0,0.0,0.0,4.191,3.429,0.451,0.111,0.36,0.078
0,159902,3.861,3.81,3.755,1229428.0,689972.0,539456.0,3.858,25.0,3.855,60.0,3.854,20.0,3.852,518.0,3.851,20.0,3.861,165.0,3.862,14.0,3.867,7.0,3.868,2005.0,3.87,7.0,14.0,20150731141240,0.051,1.34,3.912,3.752,3.861,1229428.0,47191.0,0.0,0.0,4.2,0.0,0.0,0.0,-1.0,-1.0,0.45,0.113,0.359,0.078
0,159902,3.858,3.81,3.755,1229448.0,689972.0,539476.0,3.858,5.0,3.855,60.0,3.854,20.0,3.852,518.0,3.851,85.0,3.861,2065.0,3.862,14.0,3.867,7.0,3.868,2005.0,3.87,7.0,14.0,20150731141258,0.048,1.26,3.912,3.752,3.861,1229448.0,47192.0,0.0,0.0,4.2,0.0,0.0,0.0,-1.0,-1.0,0.45,0.113,0.359,0.078
0,159902,3.858,3.81,3.755,1230653.0,690572.0,540080.0,3.855,60.0,3.854,20.0,3.853,50.0,3.852,518.0,3.851,285.0,3.858,487.0,3.861,2125.0,3.862,14.0,3.867,7.0,3.868,2005.0,14.0,20150731141319,0.048,1.26,3.912,3.752,3.858,1230653.0,47238.0,0.0,0.0,4.2,0.0,0.0,0.0,-1.0,-1.0,0.45,0.113,0.359,0.078
0,159902,3.858,3.81,3.755,1230683.0,690602.0,540080.0,3.855,60.0,3.854,20.0,3.853,50.0,3.852,518.0,3.851,785.0,3.858,457.0,3.861,2125.0,3.862,14.0,3.867,7.0,3.868,2005.0,14.0,20150731141343,0.048,1.26,3.912,3.752,3.858,1230683.0,47239.0,0.0,0.0,4.2,0.0,0.0,0.0,-1.0,-1.0,0.45,0.113,0.359,0.078
0,159902,3.858,3.81,3.755,1230683.0,690602.0,540080.0,3.855,30.0,3.854,20.0,3.853,50.0,3.852,518.0,3.851,785.0,3.856,2165.0,3.858,457.0,3.861,60.0,3.862,14.0,3.867,7.0,14.0,20150731141407,0.048,1.26,3.912,3.752,3.858,1230683.0,47239.0,0.0,0.0,4.2,0.0,0.0,0.0,-1.0,-1.0,0.45,0.113,0.359,0.078
0,159902,3.853,3.81,3.755,1232553.0,691038.0,541514.0,3.852,518.0,3.851,785.0,3.845,50.0,3.843,15.0,3.838,3.0,3.853,222.0,3.856,365.0,3.858,165.0,3.861,60.0,3.862,6.0,14.0,20150731141425,0.043,1.13,3.912,3.752,3.858,1232553.0,47311.0,0.0,0.0,4.2,0.0,0.0,0.0,4.191,3.429,0.45,0.114,0.358,0.078
0,159902,3.85,3.81,3.755,1234443.0,692044.0,542400.0,3.847,10000.0,3.846,10000.0,3.845,5050.0,3.843,15.0,3.84,4992.0,3.85,445.0,3.851,215.0,3.853,122.0,3.856,365.0,3.858,165.0,14.0,20150731141446,0.04,1.05,3.912,3.752,3.858,1234443.0,47384.0,0.0,0.0,4.2,0.0,0.0,0.0,4.191,3.429,0.449,0.115,0.358,0.078
0,159902,3.848,3.81,3.755,1234570.0,692104.0,542466.0,3.845,15050.0,3.844,10000.0,3.843,15.0,3.84,10175.0,3.838,3.0,3.847,270.0,3.85,385.0,3.857,62.0,3.858,165.0,3.861,60.0,14.0,20150731141507,0.038,1.0,3.912,3.752,3.85,1234570.0,47389.0,0.0,0.0,4.2,0.0,0.0,0.0,4.191,3.429,0.449,0.115,0.358,0.078
0,159902,3.845,3.81,3.755,1236123.0,692104.0,544020.0,3.845,3497.0,3.843,15.0,3.842,10000.0,3.84,10175.0,3.838,3.0,3.85,485.0,3.851,62.0,3.855,15.0,3.858,165.0,3.861,60.0,14.0,20150731141525,0.035,0.92,3.912,3.752,3.85,1236123.0,47449.0,0.0,0.0,4.2,0.0,0.0,0.0,4.191,3.429,0.448,0.115,0.357,0.08
0,159902,3.844,3.81,3.755,1236446.0,693468.0,542978.0,3.843,3192.0,3.84,20175.0,3.838,3.0,3.834,3.0,3.832,20.0,3.844,447.0,3.847,5.0,3.85,485.0,3.855,77.0,3.858,165.0,14.0,20150731141555,0.034,0.89,3.912,3.752,3.85,1236446.0,47461.0,0.0,0.0,4.2,0.0,0.0,0.0,-1.0,-1.0,0.448,0.115,0.357,0.08
0,159902,3.844,3.81,3.755,1236476.0,693498.0,542978.0,3.843,15.0,3.84,10175.0,3.838,3.0,3.836,10000.0,3.835,10000.0,3.844,417.0,3.847,5.0,3.85,485.0,3.855,15.0,3.858,165.0,14.0,20150731141616,0.034,0.89,3.912,3.752,3.844,1236476.0,47462.0,0.0,0.0,4.2,0.0,0.0,0.0,-1.0,-1.0,0.448,0.115,0.357,0.08
0,159902,3.843,3.81,3.755,1236953.0,692146.0,544808.0,3.841,14.0,3.84,183.0,3.838,3.0,3.834,3.0,3.832,10020.0,3.843,78.0,3.844,417.0,3.85,385.0,3.855,15.0,3.861,60.0,14.0,20150731141701,0.033,0.87,3.912,3.752,3.844,1236953.0,47481.0,0.0,0.0,4.2,0.0,0.0,0.0,4.191,3.429,0.448,0.115,0.357,0.08
0,159902,3.84,3.81,3.755,1237291.0,692156.0,545136.0,3.84,4551.0,3.838,3.0,3.834,3.0,3.832,20.0,3.83,518.0,3.843,333.0,3.844,417.0,3.85,385.0,3.855,15.0,3.861,60.0,14.0,20150731141749,0.03,0.79,3.912,3.752,3.843,1237291.0,47494.0,0.0,0.0,4.2,0.0,0.0,0.0,4.191,3.429,0.448,0.115,0.357,0.081
0,159902,3.841,3.81,3.755,1237373.0,692186.0,545188.0,3.841,76.0,3.84,4551.0,3.838,3.0,3.834,3.0,3.832,50.0,3.843,305.0,3.844,417.0,3.85,385.0,3.855,15.0,3.861,60.0,14.0,20150731141810,0.031,0.81,3.912,3.752,3.841,1237373.0,47497.0,0.0,0.0,4.2,0.0,0.0,0.0,4.191,3.429,0.448,0.115,0.357,0.081
0,159902,3.842,3.81,3.755,1237403.0,692186.0,545218.0,3.841,76.0,3.84,4551.0,3.838,3.0,3.834,3.0,3.832,50.0,3.842,4970.0,3.843,305.0,3.844,417.0,3.85,385.0,3.855,15.0,14.0,20150731141831,0.032,0.84,3.912,3.752,3.841,1237403.0,47498.0,0.0,0.0,4.2,0.0,0.0,0.0,4.191,3.429,0.448,0.115,0.357,0.081
0,159902,3.841,3.81,3.755,1242190.0,692988.0,549202.0,3.838,3.0,3.834,3.0,3.832,50.0,3.83,5528.0,3.829,10000.0,3.85,385.0,3.855,15.0,3.861,60.0,3.862,62.0,3.867,645.0,14.0,20150731141852,0.031,0.81,3.912,3.752,3.841,1242190.0,47682.0,0.0,0.0,4.2,0.0,0.0,0.0,4.191,3.429,0.446,0.115,0.359,0.08
0,159902,3.844,3.81,3.755,1242205.0,693002.0,549202.0,3.84,8177.0,3.838,3.0,3.836,10000.0,3.834,103.0,3.832,72.0,3.844,35.0,3.849,905.0,3.85,385.0,3.855,15.0,3.861,60.0,14.0,20150731141922,0.034,0.89,3.912,3.752,3.841,1242205.0,47682.0,0.0,0.0,4.2,0.0,0.0,0.0,4.191,3.429,0.446,0.115,0.359,0.08
0,159902,3.849,3.81,3.755,1242305.0,693102.0,549202.0,3.841,176.0,3.84,8177.0,3.838,3.0,3.834,103.0,3.833,10000.0,3.849,840.0,3.85,385.0,3.861,60.0,3.867,645.0,3.87,47.0,14.0,20150731141946,0.039,1.02,3.912,3.752,3.841,1242305.0,47686.0,0.0,0.0,4.2,0.0,0.0,0.0,4.191,3.429,0.446,0.115,0.359,0.08
0,159902,3.849,3.81,3.755,1242305.0,693102.0,549202.0,3.842,10030.0,3.841,10776.0,3.84,8377.0,3.838,3.0,3.834,103.0,3.848,40.0,3.849,840.0,3.85,385.0,3.861,60.0,3.867,645.0,14.0,20150731142007,0.039,1.02,3.912,3.752,3.849,1242305.0,47686.0,0.0,0.0,4.2,0.0,0.0,0.0,4.191,3.429,0.446,0.115,0.359,0.08
0,159902,3.861,3.81,3.755,1245363.0,694428.0,550936.0,3.844,10000.0,3.843,20.0,3.842,30.0,3.841,799.0,3.84,8383.0,3.861,10.0,3.867,645.0,3.87,47.0,3.877,20.0,3.878,62.0,14.0,20150731142028,0.051,1.34,3.912,3.752,3.849,1245363.0,47804.0,0.0,0.0,4.2,0.0,0.0,0.0,4.191,3.429,0.444,0.116,0.358,0.082
0,159902,3.861,3.81,3.755,1245373.0,694438.0,550936.0,3.861,90.0,3.86,4.0,3.85,100.0,3.847,10000.0,3.846,10004.0,3.867,645.0,3.87,47.0,3.873,62.0,3.877,20.0,3.889,100.0,14.0,20150731142052,0.051,1.34,3.912,3.752,3.849,1245373.0,47805.0,0.0,0.0,4.2,0.0,0.0,0.0,4.191,3.429,0.444,0.116,0.358,0.082
0,159902,3.864,3.81,3.755,1246103.0,694758.0,551344.0,3.861,40.0,3.852,20.0,3.848,123.0,3.843,10000.0,3.842,30.0,3.864,1991.0,3.865,2674.0,3.866,1.0,3.867,668.0,3.87,7.0,14.0,20150731142155,0.054,1.42,3.912,3.752,3.861,1246103.0,47833.0,0.0,0.0,4.2,0.0,0.0,0.0,4.191,3.429,0.444,0.116,0.358,0.082
0,159902,3.844,3.81,3.755,1249318.0,696620.0,552698.0,3.844,646.0,3.843,518.0,3.842,30.0,3.841,219.0,3.84,5707.0,3.86,50.0,3.862,20.0,3.864,1500.0,3.866,1.0,3.867,568.0,14.0,20150731142219,0.034,0.89,3.912,3.752,3.864,1249318.0,47956.0,0.0,0.0,4.2,0.0,0.0,0.0,-1.0,-1.0,0.443,0.116,0.359,0.082
0,159902,3.844,3.81,3.755,1249318.0,696620.0,552698.0,3.844,646.0,3.843,518.0,3.841,219.0,3.84,5207.0,3.838,10003.0,3.859,50.0,3.86,150.0,3.864,1500.0,3.866,1.0,3.867,568.0,14.0,20150731142240,0.034,0.89,3.912,3.752,3.864,1249318.0,47956.0,0.0,0.0,4.2,0.0,0.0,0.0,-1.0,-1.0,0.443,0.116,0.359,0.082
0,159902,3.844,3.81,3.755,1249338.0,696620.0,552718.0,3.844,641.0,3.843,518.0,3.842,116.0,3.841,216.0,3.84,207.0,3.859,50.0,3.86,150.0,3.864,1500.0,3.866,1.0,3.867,568.0,14.0,20150731142307,0.034,0.89,3.912,3.752,3.844,1249338.0,47957.0,0.0,0.0,4.2,0.0,0.0,0.0,-1.0,-1.0,0.443,0.116,0.359,0.082
0,159902,3.844,3.81,3.755,1249378.0,695258.0,554120.0,3.844,601.0,3.842,116.0,3.841,216.0,3.84,207.0,3.838,3.0,3.859,50.0,3.86,150.0,3.864,1500.0,3.866,1.0,3.867,568.0,14.0,20150731142328,0.034,0.89,3.912,3.752,3.844,1249378.0,47959.0,0.0,0.0,4.2,0.0,0.0,0.0,4.191,3.429,0.443,0.116,0.359,0.082
0,159902,3.844,3.81,3.755,1249395.0,695258.0,554136.0,3.844,584.0,3.842,116.0,3.841,216.0,3.84,308.0,3.838,3.0,3.859,70.0,3.86,150.0,3.864,1500.0,3.866,1.0,3.867,568.0,14.0,20150731142349,0.034,0.89,3.912,3.752,3.844,1249395.0,47959.0,0.0,0.0,4.2,0.0,0.0,0.0,4.191,3.429,0.443,0.116,0.359,0.082
0,159902,3.844,3.81,3.755,1249415.0,695258.0,554156.0,3.844,576.0,3.842,116.0,3.841,216.0,3.84,308.0,3.838,3.0,3.859,70.0,3.86,150.0,3.864,1500.0,3.866,1.0,3.867,568.0,14.0,20150731142410,0.034,0.89,3.912,3.752,3.844,1249415.0,47960.0,0.0,0.0,4.2,0.0,0.0,0.0,4.191,3.429,0.443,0.116,0.359,0.082
0,159902,3.844,3.81,3.755,1249415.0,696620.0,552794.0,3.844,576.0,3.843,1.0,3.842,116.0,3.841,216.0,3.84,302.0,3.856,28.0,3.859,70.0,3.86,150.0,3.864,1500.0,3.866,1.0,14.0,20150731142431,0.034,0.89,3.912,3.752,3.844,1249415.0,47960.0,0.0,0.0,4.2,0.0,0.0,0.0,-1.0,-1.0,0.443,0.116,0.359,0.082
0,159902,3.844,3.81,3.755,1249615.0,696620.0,552994.0,3.844,376.0,3.843,1.0,3.841,216.0,3.84,202.0,3.838,3.0,3.856,28.0,3.859,70.0,3.86,150.0,3.864,1500.0,3.866,1.0,14.0,20150731142455,0.034,0.89,3.912,3.752,3.844,1249615.0,47968.0,0.0,0.0,4.2,0.0,0.0,0.0,-1.0,-1.0,0.443,0.116,0.359,0.082
0,159902,3.844,3.81,3.755,1249617.0,695258.0,554358.0,3.844,392.0,3.843,1.0,3.841,216.0,3.84,202.0,3.838,3.0,3.849,2001.0,3.856,28.0,3.859,70.0,3.86,150.0,3.864,1500.0,14.0,20150731142513,0.034,0.89,3.912,3.752,3.844,1249617.0,47968.0,0.0,0.0,4.2,0.0,0.0,0.0,4.191,3.429,0.443,0.116,0.359,0.082
0,159902,3.838,3.81,3.755,1250621.0,696620.0,554000.0,3.834,3.0,3.832,10072.0,3.828,500.0,3.825,10.0,3.822,22.0,3.841,45.0,3.844,50.0,3.856,128.0,3.859,20.0,3.86,150.0,14.0,20150731142538,0.028,0.73,3.912,3.752,3.844,1250621.0,48007.0,0.0,0.0,4.2,0.0,0.0,0.0,-1.0,-1.0,0.442,0.116,0.359,0.083
0,159902,3.825,3.81,3.755,1251211.0,696620.0,554590.0,3.822,22.0,3.821,110.0,3.82,610.0,3.818,20.0,3.817,30.0,3.824,2001.0,3.834,50.0,3.841,45.0,3.844,50.0,3.856,128.0,14.0,20150731142602,0.015,0.39,3.912,3.752,3.844,1251211.0,48029.0,0.0,0.0,4.2,0.0,0.0,0.0,-1.0,-1.0,0.442,0.116,0.358,0.083
0,159902,3.821,3.81,3.755,1251354.0,695356.0,555998.0,3.822,518.0,3.821,102.0,3.82,5610.0,3.818,20.0,3.817,30.0,3.834,2051.0,3.844,50.0,3.856,128.0,3.859,20.0,3.866,1.0,14.0,20150731142623,0.011,0.29,3.912,3.752,3.825,1251354.0,48035.0,0.0,0.0,4.2,0.0,0.0,0.0,4.191,3.429,0.442,0.116,0.358,0.083
0,159902,3.826,3.81,3.755,1251395.0,695356.0,556038.0,3.826,5000.0,3.825,10000.0,3.824,5000.0,3.823,80.0,3.822,518.0,3.829,100.0,3.834,50.0,3.844,20.0,3.856,128.0,3.859,20.0,14.0,20150731142647,0.016,0.42,3.912,3.752,3.825,1251395.0,48036.0,0.0,0.0,4.2,0.0,0.0,0.0,4.191,3.429,0.442,0.116,0.358,0.083
0,159902,3.827,3.81,3.755,1251450.0,695384.0,556066.0,3.823,10030.0,3.822,10000.0,3.821,152.0,3.82,5610.0,3.818,21.0,3.826,2001.0,3.829,100.0,3.834,50.0,3.844,35.0,3.855,50.0,14.0,20150731142708,0.017,0.45,3.912,3.752,3.827,1251450.0,48038.0,0.0,0.0,4.2,0.0,0.0,0.0,4.191,3.429,0.442,0.116,0.358,0.083
0,159902,3.823,3.81,3.755,1259767.0,695508.0,564259.0,3.821,15.0,3.819,9864.0,3.818,10000.0,3.814,50.0,3.812,60.0,3.844,35.0,3.855,50.0,3.856,128.0,3.859,20.0,3.866,1.0,14.0,20150731142729,0.013,0.34,3.912,3.752,3.827,1259767.0,48356.0,0.0,0.0,4.2,0.0,0.0,0.0,4.191,3.429,0.439,0.116,0.363,0.083
0,159902,3.821,3.81,3.755,1259947.0,695508.0,564439.0,3.821,4850.0,3.82,5300.0,3.816,10000.0,3.815,10000.0,3.814,50.0,3.826,15.0,3.844,35.0,3.855,50.0,3.856,128.0,3.859,20.0,14.0,20150731142753,0.011,0.29,3.912,3.752,3.827,1259947.0,48363.0,0.0,0.0,4.2,0.0,0.0,0.0,4.191,3.429,0.439,0.116,0.363,0.083
0,159902,3.82,3.81,3.755,1262845.0,695518.0,567327.0,3.821,2042.0,3.82,4968.0,3.819,200.0,3.814,50.0,3.813,10000.0,3.826,5.0,3.84,8.0,3.844,135.0,3.855,50.0,3.856,128.0,14.0,20150731142820,0.01,0.26,3.912,3.752,3.821,1262845.0,48474.0,0.0,0.0,4.2,0.0,0.0,0.0,4.191,3.429,0.438,0.115,0.362,0.085
0,159902,3.821,3.81,3.755,1263225.0,695518.0,567707.0,3.821,1672.0,3.82,4968.0,3.819,200.0,3.814,50.0,3.812,60.0,3.826,5.0,3.84,8.0,3.844,115.0,3.855,61.0,3.856,128.0,14.0,20150731142841,0.011,0.29,3.912,3.752,3.821,1263225.0,48488.0,0.0,0.0,4.2,0.0,0.0,0.0,4.191,3.429,0.438,0.115,0.362,0.086
0,159902,3.821,3.81,3.755,1263300.0,695518.0,567782.0,3.821,1997.0,3.82,4968.0,3.819,200.0,3.814,50.0,3.812,60.0,3.826,5.0,3.84,28.0,3.844,115.0,3.855,61.0,3.856,128.0,14.0,20150731142905,0.011,0.29,3.912,3.752,3.821,1263300.0,48491.0,0.0,0.0,4.2,0.0,0.0,0.0,4.191,3.429,0.438,0.115,0.362,0.086
0,159902,3.821,3.81,3.755,1264569.0,695518.0,569051.0,3.821,796.0,3.82,4970.0,3.819,200.0,3.814,50.0,3.812,60.0,3.826,5.0,3.836,60.0,3.84,28.0,3.844,115.0,3.855,61.0,14.0,20150731142929,0.011,0.29,3.912,3.752,3.821,1264569.0,48539.0,0.0,0.0,4.2,0.0,0.0,0.0,4.191,3.429,0.437,0.115,0.361,0.087
0,159902,3.826,3.81,3.755,1264612.0,695523.0,569089.0,3.823,450.0,3.822,30.0,3.821,596.0,3.82,4970.0,3.814,50.0,3.826,62.0,3.836,60.0,3.84,28.0,3.844,115.0,3.855,61.0,14.0,20150731142953,0.016,0.42,3.912,3.752,3.821,1264612.0,48541.0,0.0,0.0,4.2,0.0,0.0,0.0,4.191,3.429,0.437,0.115,0.361,0.087
0,159902,3.855,3.81,3.755,1265362.0,695900.0,569462.0,3.826,350.0,3.823,450.0,3.822,30.0,3.821,596.0,3.82,4970.0,3.855,4645.0,3.856,128.0,3.859,20.0,3.86,299.0,3.866,1001.0,14.0,20150731143011,0.045,1.18,3.912,3.752,3.826,1265362.0,48570.0,0.0,0.0,4.2,0.0,0.0,0.0,4.191,3.429,0.437,0.115,0.361,0.087
0,159902,3.826,3.81,3.755,1270427.0,700575.0,569852.0,3.826,5844.0,3.824,50.0,3.823,435.0,3.822,30.0,3.821,596.0,3.847,6000.0,3.854,21.0,3.855,30.0,3.856,128.0,3.86,299.0,14.0,20150731143038,0.016,0.42,3.912,3.752,3.826,1270427.0,48764.0,0.0,0.0,4.2,0.0,0.0,0.0,4.191,3.429,0.439,0.115,0.359,0.087
0,159902,3.84,3.81,3.755,1275557.0,702037.0,573520.0,3.827,23.0,3.826,5914.0,3.824,50.0,3.823,435.0,3.822,171.0,3.84,4545.0,3.847,20.0,3.848,10.0,3.851,6000.0,3.854,21.0,14.0,20150731143105,0.03,0.79,3.912,3.752,3.826,1275557.0,48960.0,0.0,0.0,4.2,0.0,0.0,0.0,-1.0,-1.0,0.437,0.115,0.362,0.086
0,159902,3.829,3.81,3.755,1277257.0,702345.0,574912.0,3.829,30.0,3.827,740.0,3.826,5824.0,3.824,50.0,3.823,435.0,3.84,4545.0,3.847,20.0,3.848,10.0,3.854,6021.0,3.855,6030.0,14.0,20150731143126,0.019,0.5,3.912,3.752,3.826,1277257.0,49025.0,0.0,0.0,4.2,0.0,0.0,0.0,4.191,3.429,0.436,0.116,0.362,0.086
0,159902,3.839,3.81,3.755,1278967.0,703205.0,575762.0,3.837,10.0,3.829,30.0,3.828,1326.0,3.827,10850.0,3.826,15814.0,3.839,4990.0,3.84,4595.0,3.847,20.0,3.848,10.0,3.855,30.0,14.0,20150731143153,0.029,0.76,3.912,3.752,3.826,1278967.0,49091.0,0.0,0.0,4.2,0.0,0.0,0.0,4.191,3.429,0.436,0.116,0.362,0.086
0,159902,3.838,3.81,3.755,1283912.0,709507.0,574405.0,3.83,5850.0,3.829,30.0,3.828,1356.0,3.827,10232.0,3.826,10000.0,3.838,10354.0,3.839,4990.0,3.84,4595.0,3.847,20.0,3.848,10.0,14.0,20150731143214,0.028,0.73,3.912,3.752,3.838,1283912.0,49281.0,0.0,0.0,4.2,0.0,0.0,0.0,-1.0,-1.0,0.438,0.116,0.36,0.086
0,159902,3.835,3.81,3.755,1285883.0,711327.0,574556.0,3.832,367.0,3.831,100.0,3.83,15770.0,3.829,10037.0,3.828,1356.0,3.835,4325.0,3.837,110.0,3.838,10354.0,3.847,20.0,3.848,10.0,14.0,20150731143241,0.025,0.66,3.912,3.752,3.838,1285883.0,49356.0,0.0,0.0,4.2,0.0,0.0,0.0,-1.0,-1.0,0.438,0.117,0.359,0.086
0,159902,3.832,3.81,3.755,1286145.0,711420.0,574725.0,3.832,541.0,3.831,100.0,3.83,5778.0,3.829,37.0,3.828,11356.0,3.835,4275.0,3.837,110.0,3.838,254.0,3.847,20.0,3.848,10.0,14.0,20150731143305,0.022,0.58,3.912,3.752,3.832,1286145.0,49366.0,0.0,0.0,4.2,0.0,0.0,0.0,-1.0,-1.0,0.437,0.117,0.359,0.086
0,159902,3.833,3.81,3.755,1291007.0,711426.0,579581.0,3.835,10.0,3.833,5.0,3.832,1615.0,3.83,8.0,3.829,10000.0,3.836,4930.0,3.837,110.0,3.838,254.0,3.848,10.0,3.85,10.0,14.0,20150731143329,0.023,0.6,3.912,3.752,3.832,1291007.0,49553.0,0.0,0.0,4.2,0.0,0.0,0.0,-1.0,-1.0,0.436,0.116,0.362,0.086
0,159902,3.835,3.81,3.755,1292718.0,711507.0,581211.0,3.83,8.0,3.828,1356.0,3.827,201.0,3.824,50.0,3.823,385.0,3.835,8.0,3.836,4930.0,3.837,110.0,3.838,254.0,3.841,2001.0,14.0,20150731143350,0.025,0.66,3.912,3.752,3.832,1292718.0,49618.0,0.0,0.0,4.2,0.0,0.0,0.0,-1.0,-1.0,0.435,0.116,0.361,0.088
0,159902,3.83,3.81,3.755,1292736.0,711517.0,581219.0,3.828,42.0,3.827,191.0,3.824,10050.0,3.823,10385.0,3.822,30.0,3.83,8159.0,3.835,2009.0,3.837,110.0,3.838,254.0,3.85,45.0,14.0,20150731143417,0.02,0.52,3.912,3.752,3.83,1292736.0,49619.0,0.0,0.0,4.2,0.0,0.0,0.0,-1.0,-1.0,0.435,0.116,0.361,0.088
0,159902,3.828,3.81,3.755,1292784.0,710140.0,582644.0,3.827,191.0,3.824,50.0,3.823,10385.0,3.822,10030.0,3.821,210.0,3.828,216.0,3.83,8189.0,3.835,8.0,3.837,110.0,3.839,2001.0,14.0,20150731143438,0.018,0.47,3.912,3.752,3.83,1292784.0,49621.0,0.0,0.0,4.2,0.0,0.0,0.0,4.191,3.429,0.435,0.116,0.361,0.088
0,159902,3.828,3.81,3.755,1298494.0,715150.0,583344.0,3.822,30.0,3.821,210.0,3.82,50.0,3.812,60.0,3.811,30.0,3.826,20.0,3.828,110.0,3.83,30.0,3.835,8.0,3.837,2001.0,14.0,20150731143505,0.018,0.47,3.912,3.752,3.828,1298494.0,49839.0,0.0,0.0,4.2,0.0,0.0,0.0,4.191,3.429,0.437,0.116,0.359,0.088
0,159902,3.828,3.81,3.755,1298494.0,715150.0,583344.0,3.822,30.0,3.821,210.0,3.82,50.0,3.816,10000.0,3.815,10000.0,3.826,20.0,3.827,110.0,3.828,110.0,3.835,8.0,3.839,2001.0,14.0,20150731143526,0.018,0.47,3.912,3.752,3.828,1298494.0,49839.0,0.0,0.0,4.2,0.0,0.0,0.0,4.191,3.429,0.437,0.116,0.359,0.088
0,159902,3.812,3.81,3.755,1302902.0,716547.0,586355.0,3.812,5000.0,3.811,45.0,3.81,318.0,3.802,20.0,3.8,1194.0,3.822,8.0,3.826,30.0,3.827,860.0,3.828,110.0,3.835,8.0,14.0,20150731143553,0.002,0.05,3.912,3.752,3.828,1302902.0,50007.0,0.0,0.0,4.2,0.0,0.0,0.0,-1.0,-1.0,0.435,0.115,0.362,0.088
0,159902,3.817,3.81,3.755,1304951.0,717572.0,587380.0,3.812,5000.0,3.811,45.0,3.81,10288.0,3.802,20.0,3.8,6194.0,3.817,200.0,3.826,30.0,3.827,110.0,3.83,10.0,3.835,8.0,14.0,20150731143617,0.007,0.18,3.912,3.752,3.814,1304951.0,50085.0,0.0,0.0,4.2,0.0,0.0,0.0,-1.0,-1.0,0.435,0.116,0.362,0.087
0,159902,3.818,3.81,3.755,1305549.0,716394.0,589154.0,3.82,300.0,3.819,27.0,3.818,4407.0,3.814,10000.0,3.811,145.0,3.827,110.0,3.83,10.0,3.835,8.0,3.838,10.0,3.843,750.0,14.0,20150731143644,0.008,0.21,3.912,3.752,3.817,1305549.0,50108.0,0.0,0.0,4.2,0.0,0.0,0.0,4.191,3.429,0.435,0.116,0.361,0.088
0,159902,3.844,3.81,3.755,1392824.0,747787.0,645037.0,3.844,1470.0,3.843,107.0,3.842,1046.0,3.838,20.0,3.837,995.0,3.847,50.0,3.849,2.0,3.85,86.0,3.851,90.0,3.852,20.0,15.0,20150731150137,0.034,0.89,3.912,3.752,3.842,1392824.0,53434.0,0.0,0.0,4.2,0.0,0.0,0.0,4.191,3.429,0.419,0.119,0.362,0.1
0,159902,3.844,3.81,3.755,1392824.0,749154.0,643670.0,3.844,1470.0,3.843,107.0,3.842,1046.0,3.838,20.0,3.837,995.0,3.847,50.0,3.849,2.0,3.85,86.0,3.851,90.0,3.852,20.0,15.0,20150731150137,0.034,0.89,3.912,3.752,3.842,1392824.0,53434.0,0.0,0.0,4.2,0.0,0.0,0.0,-1.0,-1.0,0.419,0.119,0.362,0.1
0,159902,3.844,3.81,3.755,1392824.0,747787.0,645037.0,3.844,1470.0,3.843,107.0,3.842,1046.0,3.838,20.0,3.837,995.0,3.847,50.0,3.849,2.0,3.85,86.0,3.851,90.0,3.852,20.0,15.0,20150731150137,0.034,0.89,3.912,3.752,3.842,1392824.0,53434.0,0.0,0.0,4.2,0.0,0.0,0.0,4.191,3.429,0.419,0.119,0.362,0.1
