名称,﻿代码,﻿当前价格,﻿昨收,﻿今开,﻿成交量/手,﻿外盘,﻿内盘,﻿买一价,﻿买一量/手,﻿买二价,﻿买二量/手,﻿买三价,﻿买三量/手,﻿买四价,﻿买四量/手,﻿买五价,﻿买五量/手,﻿卖一价,﻿卖一量/手,﻿卖二价,﻿卖二量/手,﻿卖三价,﻿卖三量/手,﻿卖四价,﻿卖四量/手,﻿卖五价,﻿卖五量/手,﻿最近逐笔成交,﻿时间,﻿涨跌,﻿涨跌幅,﻿最高,﻿最低,﻿价格,﻿成交量/手,﻿成交额/万,﻿换手率,﻿市盈率,﻿振幅,﻿流通市值,﻿总市值,﻿市净率,﻿涨停价,﻿跌停价,﻿买盘大单,﻿买盘小单,﻿卖盘大单,﻿卖盘小单
0,sz150019,0.908,0.986,0.986,1283765.0,611558.0,672208.0,0.907,1537.0,0.906,2564.0,0.905,3143.0,0.904,959.0,0.903,5458.0,0.908,6985.0,0.909,695.0,0.91,425.0,0.911,1.0,0.912,747.0,10.0,20150826104416,-0.078,-7.91,0.993,0.897,0.906,1283765.0,12192.0,0.0,0.0,9.74,0.0,0.0,0.0,-1.0,-1.0,0.051,0.425,0.059,0.465
0,sz150019,0.91,0.986,0.986,1291050.0,618842.0,672208.0,0.909,320.0,0.908,9330.0,0.907,1281.0,0.906,2860.0,0.905,3129.0,0.91,125.0,0.911,1.0,0.912,747.0,0.913,401.0,0.914,80.0,10.0,20150826104429,-0.076,-7.71,0.993,0.897,0.906,1291050.0,12258.0,0.0,0.0,9.74,0.0,0.0,0.0,-1.0,-1.0,0.051,0.428,0.059,0.462
0,sz150019,0.91,0.986,0.986,1291525.0,619018.0,672508.0,0.91,698.0,0.909,596.0,0.908,7811.0,0.907,2581.0,0.906,1880.0,0.911,1.0,0.912,747.0,0.913,401.0,0.914,80.0,0.915,650.0,10.0,20150826104434,-0.076,-7.71,0.993,0.897,0.906,1291525.0,12263.0,0.0,0.0,9.74,0.0,0.0,0.0,-1.0,-1.0,0.051,0.428,0.059,0.462
0,sz150019,0.912,0.986,0.986,1291956.0,619448.0,672508.0,0.911,250.0,0.91,2702.0,0.909,586.0,0.908,6721.0,0.907,2581.0,0.912,317.0,0.913,401.0,0.914,80.0,0.915,650.0,0.916,154.0,10.0,20150826104440,-0.074,-7.51,0.993,0.897,0.906,1291956.0,12267.0,0.0,0.0,9.74,0.0,0.0,0.0,-1.0,-1.0,0.051,0.428,0.059,0.462
0,sz150019,0.912,0.986,0.986,1292408.0,619900.0,672508.0,0.912,1110.0,0.911,5691.0,0.91,2632.0,0.909,1912.0,0.908,7036.0,0.913,401.0,0.914,80.0,0.915,750.0,0.916,154.0,0.917,6029.0,10.0,20150826104447,-0.074,-7.51,0.993,0.897,0.906,1292408.0,12271.0,0.0,0.0,9.74,0.0,0.0,0.0,-1.0,-1.0,0.051,0.428,0.059,0.462
0,sz150019,0.912,0.986,0.986,1292508.0,619900.0,672608.0,0.912,299.0,0.911,5891.0,0.91,5556.0,0.909,1852.0,0.908,7130.0,0.913,401.0,0.914,80.0,0.915,750.0,0.916,254.0,0.917,6029.0,10.0,20150826104450,-0.074,-7.51,0.993,0.897,0.906,1292508.0,12272.0,0.0,0.0,9.74,0.0,0.0,0.0,-1.0,-1.0,0.051,0.428,0.059,0.462
0,sz150019,0.914,0.986,0.986,1292926.0,620318.0,672608.0,0.913,182.0,0.912,299.0,0.911,5909.0,0.91,5104.0,0.909,1852.0,0.914,63.0,0.915,750.0,0.916,254.0,0.917,6029.0,0.919,401.0,10.0,20150826104456,-0.072,-7.3,0.993,0.897,0.906,1292926.0,12276.0,0.0,0.0,9.74,0.0,0.0,0.0,-1.0,-1.0,0.051,0.428,0.059,0.462
0,sz150019,0.916,0.986,0.986,1293627.0,621020.0,672608.0,0.914,17.0,0.913,560.0,0.912,759.0,0.911,5794.0,0.91,4543.0,0.916,217.0,0.917,6029.0,0.919,1.0,0.92,1570.0,0.921,1.0,10.0,20150826104459,-0.07,-7.1,0.993,0.897,0.906,1293627.0,12282.0,0.0,0.0,9.74,0.0,0.0,0.0,-1.0,-1.0,0.051,0.428,0.059,0.462
0,sz150019,0.917,0.986,0.986,1295637.0,623030.0,672608.0,0.915,500.0,0.914,217.0,0.913,1402.0,0.912,1409.0,0.911,5794.0,0.917,4236.0,0.919,1.0,0.92,1570.0,0.921,1.0,0.922,3.0,10.0,20150826104502,-0.069,-7.0,0.993,0.897,0.906,1295637.0,12300.0,0.0,0.0,9.74,0.0,0.0,0.0,-1.0,-1.0,0.051,0.43,0.059,0.461
0,sz150019,0.915,0.986,0.986,1295917.0,623030.0,672888.0,0.915,220.0,0.914,217.0,0.913,2302.0,0.912,1279.0,0.911,5794.0,0.916,100.0,0.917,4236.0,0.919,1.0,0.92,1570.0,0.921,1.0,10.0,20150826104507,-0.071,-7.2,0.993,0.897,0.917,1295917.0,12303.0,0.0,0.0,9.74,0.0,0.0,0.0,-1.0,-1.0,0.05,0.432,0.058,0.459
0,sz150019,0.919,0.986,0.986,1300924.0,628036.0,672888.0,0.919,1463.0,0.917,17.0,0.915,164.0,0.914,450.0,0.913,2234.0,0.92,1570.0,0.921,1.0,0.922,3.0,0.923,51.0,0.924,1360.0,10.0,20150826104513,-0.067,-6.8,0.993,0.897,0.917,1300924.0,12349.0,0.0,0.0,9.74,0.0,0.0,0.0,-1.0,-1.0,0.05,0.432,0.058,0.459
0,sz150019,0.92,0.986,0.986,1302256.0,629368.0,672888.0,0.919,1218.0,0.917,20.0,0.916,200.0,0.915,237.0,0.914,376.0,0.92,553.0,0.921,1.0,0.922,103.0,0.923,51.0,0.924,1360.0,10.0,20150826104519,-0.066,-6.69,0.993,0.897,0.917,1302256.0,12361.0,0.0,0.0,9.74,0.0,0.0,0.0,-1.0,-1.0,0.05,0.432,0.058,0.459
0,sz150019,0.92,0.986,0.986,1302457.0,629570.0,672888.0,0.919,1268.0,0.917,201.0,0.916,1251.0,0.915,239.0,0.914,3165.0,0.92,352.0,0.921,1.0,0.922,103.0,0.923,51.0,0.924,1360.0,10.0,20150826104522,-0.066,-6.69,0.993,0.897,0.917,1302457.0,12363.0,0.0,0.0,9.74,0.0,0.0,0.0,-1.0,-1.0,0.05,0.433,0.058,0.459
0,sz150019,0.92,0.986,0.986,1303009.0,629922.0,673088.0,0.92,2761.0,0.919,1273.0,0.917,251.0,0.916,1501.0,0.915,299.0,0.921,1.0,0.922,103.0,0.923,51.0,0.924,1360.0,0.925,788.0,10.0,20150826104528,-0.066,-6.69,0.993,0.897,0.917,1303009.0,12368.0,0.0,0.0,9.74,0.0,0.0,0.0,-1.0,-1.0,0.05,0.433,0.058,0.459
0,sz150019,0.922,0.986,0.986,1303113.0,630026.0,673088.0,0.922,68.0,0.92,3018.0,0.919,1268.0,0.917,3234.0,0.916,1501.0,0.923,2888.0,0.924,1460.0,0.925,788.0,0.926,730.0,0.927,1.0,10.0,20150826104534,-0.064,-6.49,0.993,0.897,0.917,1303113.0,12369.0,0.0,0.0,9.74,0.0,0.0,0.0,-1.0,-1.0,0.05,0.433,0.058,0.459
0,sz150019,0.921,0.986,0.986,1303611.0,630434.0,673176.0,0.92,3040.0,0.919,1268.0,0.918,100.0,0.917,3234.0,0.916,1501.0,0.921,4503.0,0.923,2887.0,0.924,1460.0,0.925,788.0,0.926,730.0,10.0,20150826104540,-0.065,-6.59,0.993,0.897,0.917,1303611.0,12374.0,0.0,0.0,9.74,0.0,0.0,0.0,-1.0,-1.0,0.05,0.433,0.058,0.459
0,sz150019,0.92,0.986,0.986,1304668.0,630434.0,674234.0,0.92,1615.0,0.919,1288.0,0.918,100.0,0.917,3234.0,0.916,1301.0,0.921,4116.0,0.922,1.0,0.923,2887.0,0.924,1460.0,0.925,931.0,10.0,20150826104544,-0.066,-6.69,0.993,0.897,0.917,1304668.0,12383.0,0.0,0.0,9.74,0.0,0.0,0.0,-1.0,-1.0,0.05,0.432,0.058,0.459
0,sz150019,0.921,0.986,0.986,1308479.0,633098.0,675380.0,0.92,976.0,0.919,1238.0,0.918,100.0,0.917,3234.0,0.916,1306.0,0.921,968.0,0.922,501.0,0.923,2887.0,0.924,1460.0,0.925,931.0,10.0,20150826104550,-0.065,-6.59,0.993,0.897,0.917,1308479.0,12418.0,0.0,0.0,9.74,0.0,0.0,0.0,-1.0,-1.0,0.05,0.432,0.058,0.459
0,sz150019,0.92,0.986,0.986,1309457.0,633098.0,676358.0,0.919,90.0,0.918,100.0,0.917,3114.0,0.916,1306.0,0.915,1164.0,0.92,2083.0,0.921,968.0,0.922,521.0,0.923,2887.0,0.924,230.0,10.0,20150826104556,-0.066,-6.69,0.993,0.897,0.917,1309457.0,12427.0,0.0,0.0,9.74,0.0,0.0,0.0,-1.0,-1.0,0.05,0.433,0.058,0.458
0,sz150019,0.92,0.986,0.986,1309633.0,633274.0,676358.0,0.919,90.0,0.918,100.0,0.917,114.0,0.916,1310.0,0.915,1164.0,0.92,2332.0,0.921,968.0,0.922,21.0,0.923,2887.0,0.924,230.0,10.0,20150826104559,-0.066,-6.69,0.993,0.897,0.917,1309633.0,12429.0,0.0,0.0,9.74,0.0,0.0,0.0,-1.0,-1.0,0.05,0.434,0.058,0.458
0,sz150019,0.92,0.986,0.986,1312253.0,635894.0,676358.0,0.919,90.0,0.918,300.0,0.917,114.0,0.916,1310.0,0.915,1164.0,0.92,1612.0,0.921,968.0,0.922,21.0,0.923,150.0,0.924,230.0,10.0,20150826104604,-0.066,-6.69,0.993,0.897,0.92,1312253.0,12453.0,0.0,0.0,9.74,0.0,0.0,0.0,-1.0,-1.0,0.05,0.434,0.058,0.458
0,sz150019,0.914,0.986,0.986,1317252.0,636718.0,680534.0,0.914,1716.0,0.913,447.0,0.912,443.0,0.911,1515.0,0.91,275.0,0.92,695.0,0.921,968.0,0.922,21.0,0.923,150.0,0.924,230.0,10.0,20150826104611,-0.072,-7.3,0.993,0.897,0.92,1317252.0,12499.0,0.0,0.0,9.74,0.0,0.0,0.0,-1.0,-1.0,0.05,0.433,0.058,0.459
0,sz150019,0.92,0.986,0.986,1317260.0,636726.0,680534.0,0.916,2774.0,0.914,1716.0,0.913,447.0,0.912,443.0,0.911,1515.0,0.919,868.0,0.92,1382.0,0.921,968.0,0.922,21.0,0.923,150.0,10.0,20150826104617,-0.066,-6.69,0.993,0.897,0.92,1317260.0,12499.0,0.0,0.0,9.74,0.0,0.0,0.0,-1.0,-1.0,0.05,0.433,0.058,0.459
0,sz150019,0.919,0.986,0.986,1317421.0,636886.0,680534.0,0.914,1866.0,0.913,447.0,0.912,443.0,0.911,1515.0,0.91,278.0,0.919,707.0,0.92,1507.0,0.921,998.0,0.922,21.0,0.923,150.0,10.0,20150826104620,-0.067,-6.8,0.993,0.897,0.92,1317421.0,12501.0,0.0,0.0,9.74,0.0,0.0,0.0,-1.0,-1.0,0.05,0.433,0.058,0.459
0,sz150019,0.918,0.986,0.986,1317733.0,637188.0,680546.0,0.915,450.0,0.914,1846.0,0.913,447.0,0.912,143.0,0.911,1515.0,0.918,849.0,0.919,809.0,0.92,2606.0,0.921,998.0,0.922,321.0,10.0,20150826104629,-0.068,-6.9,0.993,0.897,0.92,1317733.0,12503.0,0.0,0.0,9.74,0.0,0.0,0.0,-1.0,-1.0,0.05,0.433,0.058,0.459
0,sz150019,0.919,0.986,0.986,1318824.0,638278.0,680546.0,0.915,222.0,0.914,1846.0,0.913,447.0,0.912,143.0,0.911,1515.0,0.919,804.0,0.92,2863.0,0.921,998.0,0.922,321.0,0.923,150.0,10.0,20150826104632,-0.067,-6.8,0.993,0.897,0.92,1318824.0,12513.0,0.0,0.0,9.74,0.0,0.0,0.0,-1.0,-1.0,0.05,0.434,0.058,0.459
0,sz150019,0.919,0.986,0.986,1318990.0,638444.0,680546.0,0.915,172.0,0.914,1846.0,0.913,447.0,0.912,143.0,0.911,530.0,0.919,1764.0,0.92,2863.0,0.921,998.0,0.922,321.0,0.923,150.0,10.0,20150826104638,-0.067,-6.8,0.993,0.897,0.92,1318990.0,12515.0,0.0,0.0,9.74,0.0,0.0,0.0,-1.0,-1.0,0.05,0.434,0.058,0.459
0,sz150019,0.918,0.986,0.986,1319533.0,638816.0,680717.0,0.915,82.0,0.914,1846.0,0.913,447.0,0.912,193.0,0.911,480.0,0.918,175.0,0.919,1546.0,0.92,2955.0,0.921,998.0,0.922,341.0,10.0,20150826104644,-0.068,-6.9,0.993,0.897,0.92,1319533.0,12520.0,0.0,0.0,9.74,0.0,0.0,0.0,-1.0,-1.0,0.05,0.434,0.058,0.459
0,sz150019,0.912,0.986,0.986,1322394.0,638941.0,683453.0,0.911,480.0,0.91,333.0,0.909,371.0,0.908,759.0,0.907,87.0,0.912,207.0,0.913,516.0,0.914,3098.0,0.915,162.0,0.916,84.0,10.0,20150826104656,-0.074,-7.51,0.993,0.897,0.92,1322394.0,12546.0,0.0,0.0,9.74,0.0,0.0,0.0,-1.0,-1.0,0.05,0.433,0.058,0.46
0,sz150019,0.914,0.986,0.986,1323448.0,639995.0,683453.0,0.911,480.0,0.91,333.0,0.909,371.0,0.908,759.0,0.907,87.0,0.913,100.0,0.914,3167.0,0.915,462.0,0.916,84.0,0.918,973.0,10.0,20150826104705,-0.072,-7.3,0.993,0.897,0.912,1323448.0,12556.0,0.0,0.0,9.74,0.0,0.0,0.0,-1.0,-1.0,0.05,0.434,0.057,0.459
0,sz150019,0.913,0.986,0.986,1323548.0,640095.0,683453.0,0.911,980.0,0.91,337.0,0.909,371.0,0.908,777.0,0.907,87.0,0.913,4.0,0.914,3167.0,0.915,462.0,0.916,84.0,0.918,973.0,10.0,20150826104708,-0.073,-7.4,0.993,0.897,0.912,1323548.0,12557.0,0.0,0.0,9.74,0.0,0.0,0.0,-1.0,-1.0,0.05,0.434,0.057,0.459
0,sz150019,0.911,0.986,0.986,1323908.0,640095.0,683813.0,0.911,830.0,0.91,334.0,0.909,371.0,0.908,977.0,0.907,87.0,0.913,100.0,0.914,2961.0,0.915,462.0,0.916,84.0,0.918,1633.0,10.0,20150826104714,-0.075,-7.61,0.993,0.897,0.912,1323908.0,12560.0,0.0,0.0,9.74,0.0,0.0,0.0,-1.0,-1.0,0.05,0.433,0.057,0.459
0,sz150019,0.913,0.986,0.986,1324119.0,640306.0,683813.0,0.913,14.0,0.912,33.0,0.911,830.0,0.91,354.0,0.909,371.0,0.914,2961.0,0.915,462.0,0.916,84.0,0.918,1433.0,0.919,528.0,10.0,20150826104720,-0.073,-7.4,0.993,0.897,0.912,1324119.0,12562.0,0.0,0.0,9.74,0.0,0.0,0.0,-1.0,-1.0,0.05,0.434,0.057,0.459
0,sz150019,0.913,0.986,0.986,1324146.0,640319.0,683827.0,0.912,233.0,0.911,846.0,0.91,359.0,0.909,350.0,0.908,1077.0,0.913,181.0,0.914,2961.0,0.915,462.0,0.916,84.0,0.918,1133.0,10.0,20150826104726,-0.073,-7.4,0.993,0.897,0.912,1324146.0,12562.0,0.0,0.0,9.74,0.0,0.0,0.0,-1.0,-1.0,0.05,0.434,0.057,0.459
0,sz150019,0.913,0.986,0.986,1324367.0,640501.0,683866.0,0.913,39.0,0.912,193.0,0.911,846.0,0.91,355.0,0.909,350.0,0.914,2961.0,0.915,462.0,0.916,84.0,0.918,1033.0,0.919,428.0,10.0,20150826104729,-0.073,-7.4,0.993,0.897,0.912,1324367.0,12564.0,0.0,0.0,9.74,0.0,0.0,0.0,-1.0,-1.0,0.05,0.434,0.057,0.459
0,sz150019,0.913,0.986,0.986,1324519.0,640501.0,684018.0,0.912,195.0,0.911,846.0,0.91,355.0,0.909,350.0,0.908,1077.0,0.913,72.0,0.914,2961.0,0.915,300.0,0.916,84.0,0.918,1033.0,10.0,20150826104738,-0.073,-7.4,0.993,0.897,0.912,1324519.0,12565.0,0.0,0.0,9.74,0.0,0.0,0.0,-1.0,-1.0,0.05,0.434,0.057,0.459
0,sz150019,0.912,0.986,0.986,1325364.0,640771.0,684593.0,0.911,846.0,0.91,355.0,0.909,350.0,0.908,1059.0,0.907,87.0,0.912,34.0,0.914,2703.0,0.915,300.0,0.916,84.0,0.918,1033.0,10.0,20150826104744,-0.074,-7.51,0.993,0.897,0.912,1325364.0,12573.0,0.0,0.0,9.74,0.0,0.0,0.0,-1.0,-1.0,0.05,0.434,0.057,0.46
0,sz150019,0.911,0.986,0.986,1325656.0,640806.0,684850.0,0.911,748.0,0.91,355.0,0.909,350.0,0.908,1059.0,0.907,87.0,0.912,25.0,0.913,43.0,0.914,400.0,0.915,300.0,0.916,84.0,10.0,20150826104747,-0.075,-7.61,0.993,0.897,0.912,1325656.0,12576.0,0.0,0.0,9.74,0.0,0.0,0.0,-1.0,-1.0,0.05,0.433,0.057,0.46
0,sz150019,0.912,0.986,0.986,1325751.0,640901.0,684850.0,0.911,748.0,0.91,355.0,0.909,350.0,0.908,1059.0,0.907,87.0,0.912,40.0,0.913,43.0,0.914,400.0,0.915,300.0,0.916,84.0,10.0,20150826104753,-0.074,-7.51,0.993,0.897,0.912,1325751.0,12577.0,0.0,0.0,9.74,0.0,0.0,0.0,-1.0,-1.0,0.05,0.433,0.057,0.46
0,sz150019,0.913,0.986,0.986,1326530.0,641677.0,684853.0,0.913,1857.0,0.911,539.0,0.91,355.0,0.909,350.0,0.908,1059.0,0.914,382.0,0.915,300.0,0.916,84.0,0.918,1033.0,0.919,366.0,10.0,20150826104759,-0.073,-7.4,0.993,0.897,0.912,1326530.0,12584.0,0.0,0.0,9.74,0.0,0.0,0.0,-1.0,-1.0,0.049,0.434,0.057,0.459
0,sz150019,0.91,0.986,0.986,1329409.0,641677.0,687732.0,0.909,350.0,0.908,1159.0,0.907,87.0,0.906,126.0,0.905,187.0,0.91,779.0,0.914,382.0,0.915,300.0,0.916,84.0,0.918,1033.0,10.0,20150826104808,-0.076,-7.71,0.993,0.897,0.913,1329409.0,12610.0,0.0,0.0,9.74,0.0,0.0,0.0,-1.0,-1.0,0.049,0.433,0.057,0.46
0,sz150019,0.914,0.986,0.986,1330714.0,642982.0,687732.0,0.909,350.0,0.908,1159.0,0.907,87.0,0.906,126.0,0.905,187.0,0.914,186.0,0.915,300.0,0.916,84.0,0.918,1033.0,0.919,366.0,10.0,20150826104814,-0.072,-7.3,0.993,0.897,0.913,1330714.0,12622.0,0.0,0.0,9.74,0.0,0.0,0.0,-1.0,-1.0,0.049,0.434,0.057,0.46
0,sz150019,0.913,0.986,0.986,1330969.0,643232.0,687737.0,0.913,77.0,0.91,30.0,0.909,3246.0,0.908,1159.0,0.907,87.0,0.914,135.0,0.915,300.0,0.916,84.0,0.918,1033.0,0.919,366.0,10.0,20150826104820,-0.073,-7.4,0.993,0.897,0.913,1330969.0,12624.0,0.0,0.0,9.74,0.0,0.0,0.0,-1.0,-1.0,0.049,0.434,0.057,0.46
0,sz150019,0.913,0.986,0.986,1331136.0,643322.0,687814.0,0.91,200.0,0.909,3246.0,0.908,1159.0,0.907,87.0,0.906,176.0,0.913,2215.0,0.914,246.0,0.915,300.0,0.916,84.0,0.918,1033.0,10.0,20150826104826,-0.073,-7.4,0.993,0.897,0.913,1331136.0,12626.0,0.0,0.0,9.74,0.0,0.0,0.0,-1.0,-1.0,0.049,0.434,0.057,0.46
0,sz150019,0.913,0.986,0.986,1331139.0,643325.0,687814.0,0.91,244.0,0.909,3385.0,0.908,1159.0,0.907,87.0,0.906,176.0,0.913,2222.0,0.914,246.0,0.915,300.0,0.916,84.0,0.918,1033.0,10.0,20150826104829,-0.073,-7.4,0.993,0.897,0.913,1331139.0,12626.0,0.0,0.0,9.74,0.0,0.0,0.0,-1.0,-1.0,0.049,0.433,0.057,0.461
0,sz150019,0.91,0.986,0.986,1332539.0,643471.0,689068.0,0.909,3397.0,0.908,1159.0,0.907,87.0,0.906,176.0,0.905,187.0,0.91,4593.0,0.912,10.0,0.913,2676.0,0.914,246.0,0.915,300.0,10.0,20150826104841,-0.076,-7.71,0.993,0.897,0.913,1332539.0,12639.0,0.0,0.0,9.74,0.0,0.0,0.0,-1.0,-1.0,0.049,0.433,0.057,0.461
0,sz150019,0.91,0.986,0.986,1334952.0,645884.0,689068.0,0.909,3407.0,0.908,1159.0,0.907,87.0,0.906,176.0,0.905,187.0,0.91,2280.0,0.912,10.0,0.913,2726.0,0.914,246.0,0.915,300.0,10.0,20150826104844,-0.076,-7.71,0.993,0.897,0.913,1334952.0,12661.0,0.0,0.0,9.74,0.0,0.0,0.0,-1.0,-1.0,0.049,0.433,0.057,0.46
0,sz150019,0.91,0.986,0.986,1336412.0,647344.0,689068.0,0.909,2347.0,0.908,1159.0,0.907,87.0,0.906,176.0,0.905,187.0,0.91,1880.0,0.912,10.0,0.913,2726.0,0.914,246.0,0.915,300.0,10.0,20150826104850,-0.076,-7.71,0.993,0.897,0.913,1336412.0,12674.0,0.0,0.0,9.74,0.0,0.0,0.0,-1.0,-1.0,0.049,0.436,0.057,0.459
0,sz150019,0.91,0.986,0.986,1338340.0,648977.0,689363.0,0.909,1782.0,0.908,1159.0,0.907,87.0,0.906,196.0,0.905,187.0,0.91,522.0,0.912,10.0,0.913,2694.0,0.914,246.0,0.915,300.0,10.0,20150826104859,-0.076,-7.71,0.993,0.897,0.913,1338340.0,12691.0,0.0,0.0,9.74,0.0,0.0,0.0,-1.0,-1.0,0.049,0.435,0.057,0.459
0,sz150019,0.91,0.986,0.986,1340062.0,650699.0,689363.0,0.91,1097.0,0.909,621.0,0.908,1159.0,0.907,10.0,0.906,196.0,0.912,10.0,0.913,2694.0,0.914,246.0,0.915,300.0,0.918,1033.0,10.0,20150826104902,-0.076,-7.71,0.993,0.897,0.91,1340062.0,12707.0,0.0,0.0,9.74,0.0,0.0,0.0,-1.0,-1.0,0.049,0.436,0.057,0.458
0,sz150019,0.91,0.986,0.986,1340286.0,650699.0,689587.0,0.91,876.0,0.909,621.0,0.908,1159.0,0.907,10.0,0.906,196.0,0.912,10.0,0.913,2784.0,0.914,246.0,0.915,300.0,0.918,1033.0,10.0,20150826104911,-0.076,-7.71,0.993,0.897,0.91,1340286.0,12709.0,0.0,0.0,9.74,0.0,0.0,0.0,-1.0,-1.0,0.049,0.436,0.057,0.458
0,sz150019,0.91,0.986,0.986,1341193.0,650699.0,690494.0,0.909,621.0,0.908,1159.0,0.907,10.0,0.906,196.0,0.905,193.0,0.91,2845.0,0.912,5.0,0.913,2134.0,0.914,246.0,0.915,300.0,10.0,20150826104917,-0.076,-7.71,0.993,0.897,0.91,1341193.0,12717.0,0.0,0.0,9.74,0.0,0.0,0.0,-1.0,-1.0,0.049,0.436,0.057,0.459
0,sz150019,0.91,0.986,0.986,1342099.0,651605.0,690494.0,0.909,704.0,0.908,1159.0,0.907,10.0,0.906,196.0,0.905,203.0,0.91,2147.0,0.912,5.0,0.913,2134.0,0.914,246.0,0.915,300.0,10.0,20150826104923,-0.076,-7.71,0.993,0.897,0.91,1342099.0,12726.0,0.0,0.0,9.74,0.0,0.0,0.0,-1.0,-1.0,0.049,0.436,0.057,0.458
0,sz150019,0.91,0.986,0.986,1342910.0,651712.0,691198.0,0.908,977.0,0.907,10.0,0.906,146.0,0.905,5203.0,0.904,1093.0,0.91,3086.0,0.912,5.0,0.913,2134.0,0.914,246.0,0.915,300.0,10.0,20150826104932,-0.076,-7.71,0.993,0.897,0.91,1342910.0,12733.0,0.0,0.0,9.74,0.0,0.0,0.0,-1.0,-1.0,0.049,0.436,0.057,0.458
0,sz150019,0.91,0.986,0.986,1343050.0,651852.0,691198.0,0.908,937.0,0.907,10.0,0.906,146.0,0.905,5213.0,0.904,1093.0,0.91,3316.0,0.912,10.0,0.913,2134.0,0.914,301.0,0.915,300.0,10.0,20150826104938,-0.076,-7.71,0.993,0.897,0.91,1343050.0,12734.0,0.0,0.0,9.74,0.0,0.0,0.0,-1.0,-1.0,0.049,0.436,0.057,0.458
0,sz150019,0.908,0.986,0.986,1345797.0,654498.0,691299.0,0.908,936.0,0.907,60.0,0.906,5076.0,0.905,5203.0,0.904,1093.0,0.909,200.0,0.91,670.0,0.912,10.0,0.913,2134.0,0.914,301.0,10.0,20150826104944,-0.078,-7.91,0.993,0.897,0.91,1345797.0,12759.0,0.0,0.0,9.74,0.0,0.0,0.0,-1.0,-1.0,0.049,0.437,0.057,0.457
0,sz150019,0.909,0.986,0.986,1346024.0,654725.0,691299.0,0.909,1.0,0.908,1555.0,0.907,60.0,0.906,5095.0,0.905,5203.0,0.91,832.0,0.912,10.0,0.913,2134.0,0.914,301.0,0.915,300.0,10.0,20150826104953,-0.077,-7.81,0.993,0.897,0.91,1346024.0,12761.0,0.0,0.0,9.74,0.0,0.0,0.0,-1.0,-1.0,0.049,0.437,0.056,0.457
0,sz150019,0.908,0.986,0.986,1347113.0,654725.0,692388.0,0.909,100.0,0.908,1662.0,0.907,60.0,0.906,5095.0,0.905,5208.0,0.91,1.0,0.912,10.0,0.913,2134.0,0.914,301.0,0.915,300.0,10.0,20150826104959,-0.078,-7.91,0.993,0.897,0.91,1347113.0,12771.0,0.0,0.0,9.74,0.0,0.0,0.0,-1.0,-1.0,0.049,0.437,0.056,0.458
0,sz150019,0.91,0.986,0.986,1347114.0,654726.0,692388.0,0.91,910.0,0.909,1102.0,0.908,1802.0,0.907,10.0,0.906,3995.0,0.912,10.0,0.913,2134.0,0.914,301.0,0.915,300.0,0.918,1033.0,10.0,20150826105002,-0.076,-7.71,0.993,0.897,0.91,1347114.0,12771.0,0.0,0.0,9.74,0.0,0.0,0.0,-1.0,-1.0,0.049,0.437,0.056,0.458
0,sz150019,0.918,0.986,0.986,1360996.0,662660.0,698336.0,0.915,400.0,0.914,6952.0,0.913,3000.0,0.909,406.0,0.908,1971.0,0.918,995.0,0.919,158.0,0.92,3093.0,0.921,998.0,0.922,241.0,10.0,20150826105017,-0.068,-6.9,0.993,0.897,0.91,1360996.0,12898.0,0.0,0.0,9.74,0.0,0.0,0.0,-1.0,-1.0,0.048,0.438,0.056,0.458
0,sz150019,0.915,0.986,0.986,1361773.0,662660.0,699113.0,0.915,123.0,0.914,7052.0,0.913,3000.0,0.911,200.0,0.91,7.0,0.918,495.0,0.919,158.0,0.92,3093.0,0.921,998.0,0.922,241.0,10.0,20150826105023,-0.071,-7.2,0.993,0.897,0.91,1361773.0,12905.0,0.0,0.0,9.74,0.0,0.0,0.0,-1.0,-1.0,0.048,0.438,0.056,0.458
0,sz150019,0.916,0.986,0.986,1361893.0,662771.0,699122.0,0.916,1509.0,0.915,111.0,0.914,7152.0,0.913,3000.0,0.911,200.0,0.918,396.0,0.919,558.0,0.92,2093.0,0.921,998.0,0.922,241.0,10.0,20150826105032,-0.07,-7.1,0.993,0.897,0.91,1361893.0,12906.0,0.0,0.0,9.74,0.0,0.0,0.0,-1.0,-1.0,0.048,0.438,0.056,0.458
0,sz150019,0.92,0.986,0.986,1362897.0,663775.0,699122.0,0.918,498.0,0.916,4509.0,0.915,111.0,0.914,7152.0,0.913,3000.0,0.92,4043.0,0.921,998.0,0.922,241.0,0.923,50.0,0.924,130.0,10.0,20150826105038,-0.066,-6.69,0.993,0.897,0.91,1362897.0,12915.0,0.0,0.0,9.74,0.0,0.0,0.0,-1.0,-1.0,0.048,0.439,0.056,0.458
0,sz150019,0.92,0.986,0.986,1363628.0,664506.0,699122.0,0.919,57.0,0.918,4741.0,0.916,4609.0,0.915,111.0,0.914,7052.0,0.92,2717.0,0.921,1098.0,0.922,341.0,0.923,150.0,0.924,230.0,10.0,20150826105047,-0.066,-6.69,0.993,0.897,0.91,1363628.0,12922.0,0.0,0.0,9.74,0.0,0.0,0.0,-1.0,-1.0,0.048,0.439,0.056,0.457
0,sz150019,0.92,0.986,0.986,1364201.0,665079.0,699122.0,0.92,648.0,0.919,50.0,0.918,7761.0,0.916,4609.0,0.915,111.0,0.921,1098.0,0.922,341.0,0.923,150.0,0.924,230.0,0.925,490.0,10.0,20150826105053,-0.066,-6.69,0.993,0.897,0.91,1364201.0,12927.0,0.0,0.0,9.74,0.0,0.0,0.0,-1.0,-1.0,0.048,0.439,0.056,0.457
0,sz150019,0.921,0.986,0.986,1365319.0,666197.0,699122.0,0.921,382.0,0.92,1160.0,0.919,250.0,0.918,7402.0,0.916,4609.0,0.922,141.0,0.923,150.0,0.924,230.0,0.925,490.0,0.926,830.0,10.0,20150826105059,-0.065,-6.59,0.993,0.897,0.91,1365319.0,12937.0,0.0,0.0,9.74,0.0,0.0,0.0,-1.0,-1.0,0.048,0.44,0.056,0.457
0,sz150019,0.921,0.986,0.986,1365741.0,666197.0,699544.0,0.921,3490.0,0.92,2393.0,0.919,850.0,0.918,6474.0,0.916,4509.0,0.923,131.0,0.924,230.0,0.925,490.0,0.926,830.0,0.927,1.0,10.0,20150826105108,-0.065,-6.59,0.993,0.897,0.921,1365741.0,12941.0,0.0,0.0,9.74,0.0,0.0,0.0,-1.0,-1.0,0.048,0.439,0.056,0.457
0,sz150019,0.922,0.986,0.986,1366273.0,666463.0,699810.0,0.922,134.0,0.921,3350.0,0.92,2465.0,0.919,850.0,0.918,6457.0,0.924,230.0,0.925,490.0,0.926,830.0,0.927,1.0,0.929,101.0,10.0,20150826105114,-0.064,-6.49,0.993,0.897,0.921,1366273.0,12946.0,0.0,0.0,9.74,0.0,0.0,0.0,-1.0,-1.0,0.048,0.439,0.056,0.457
0,sz150019,0.923,0.986,0.986,1366315.0,666481.0,699834.0,0.923,268.0,0.922,3240.0,0.921,4035.0,0.92,2250.0,0.919,850.0,0.924,95.0,0.925,490.0,0.926,830.0,0.927,1.0,0.929,101.0,10.0,20150826105123,-0.063,-6.39,0.993,0.897,0.921,1366315.0,12946.0,0.0,0.0,9.74,0.0,0.0,0.0,-1.0,-1.0,0.048,0.44,0.056,0.457
0,sz150019,0.929,0.986,0.986,1367872.0,668038.0,699834.0,0.928,47.0,0.925,624.0,0.924,138.0,0.923,1455.0,0.922,3270.0,0.93,1203.0,0.931,2.0,0.932,1322.0,0.933,21.0,0.935,2397.0,10.0,20150826105132,-0.057,-5.78,0.993,0.897,0.921,1367872.0,12961.0,0.0,0.0,9.74,0.0,0.0,0.0,-1.0,-1.0,0.048,0.44,0.056,0.456
0,sz150019,0.93,0.986,0.986,1368063.0,668229.0,699834.0,0.928,27.0,0.925,303.0,0.924,338.0,0.923,1655.0,0.922,3270.0,0.93,1032.0,0.931,2.0,0.932,1322.0,0.933,21.0,0.935,2397.0,10.0,20150826105138,-0.056,-5.68,0.993,0.897,0.921,1368063.0,12963.0,0.0,0.0,9.74,0.0,0.0,0.0,-1.0,-1.0,0.048,0.44,0.056,0.456
0,sz150019,0.931,0.986,0.986,1370082.0,670008.0,700074.0,0.931,53.0,0.93,455.0,0.925,103.0,0.924,3338.0,0.923,565.0,0.932,1322.0,0.933,21.0,0.935,2397.0,0.936,53.0,0.937,81.0,10.0,20150826105147,-0.055,-5.58,0.993,0.897,0.921,1370082.0,12981.0,0.0,0.0,9.74,0.0,0.0,0.0,-1.0,-1.0,0.048,0.441,0.056,0.456
0,sz150019,0.93,0.986,0.986,1370421.0,670029.0,700392.0,0.93,856.0,0.925,100.0,0.924,3584.0,0.923,335.0,0.922,3254.0,0.932,1302.0,0.933,21.0,0.935,2397.0,0.936,53.0,0.937,81.0,10.0,20150826105153,-0.056,-5.68,0.993,0.897,0.921,1370421.0,12985.0,0.0,0.0,9.74,0.0,0.0,0.0,-1.0,-1.0,0.048,0.441,0.056,0.456
0,sz150019,0.932,0.986,0.986,1370906.0,670079.0,700827.0,0.931,7.0,0.93,860.0,0.928,300.0,0.925,100.0,0.924,3585.0,0.932,1117.0,0.933,21.0,0.934,200.0,0.935,2297.0,0.936,53.0,10.0,20150826105202,-0.054,-5.48,0.993,0.897,0.93,1370906.0,12989.0,0.0,0.0,9.74,0.0,0.0,0.0,-1.0,-1.0,0.048,0.441,0.055,0.456
0,sz150019,0.932,0.986,0.986,1371825.0,670529.0,701296.0,0.93,982.0,0.928,300.0,0.925,100.0,0.924,3464.0,0.923,285.0,0.932,228.0,0.933,21.0,0.934,200.0,0.935,2297.0,0.936,53.0,10.0,20150826105208,-0.054,-5.48,0.993,0.897,0.93,1371825.0,12998.0,0.0,0.0,9.74,0.0,0.0,0.0,-1.0,-1.0,0.048,0.441,0.055,0.456
0,sz150019,0.932,0.986,0.986,1372956.0,671260.0,701696.0,0.932,3818.0,0.931,300.0,0.93,1082.0,0.928,300.0,0.925,100.0,0.933,21.0,0.934,200.0,0.935,2297.0,0.936,53.0,0.937,81.0,10.0,20150826105217,-0.054,-5.48,0.993,0.897,0.93,1372956.0,13008.0,0.0,0.0,9.74,0.0,0.0,0.0,-1.0,-1.0,0.048,0.441,0.055,0.456
0,sz150019,0.932,0.986,0.986,1373756.0,671260.0,702496.0,0.932,3558.0,0.931,300.0,0.93,1229.0,0.928,300.0,0.925,100.0,0.933,121.0,0.934,200.0,0.935,2297.0,0.936,53.0,0.937,81.0,10.0,20150826105223,-0.054,-5.48,0.993,0.897,0.93,1373756.0,13016.0,0.0,0.0,9.74,0.0,0.0,0.0,-1.0,-1.0,0.048,0.441,0.055,0.456
0,sz150019,0.933,0.986,0.986,1374063.0,671389.0,702674.0,0.933,1306.0,0.932,4150.0,0.93,1189.0,0.928,300.0,0.925,100.0,0.934,1065.0,0.935,2297.0,0.936,53.0,0.937,81.0,0.938,250.0,10.0,20150826105232,-0.053,-5.38,0.993,0.897,0.93,1374063.0,13019.0,0.0,0.0,9.74,0.0,0.0,0.0,-1.0,-1.0,0.048,0.441,0.055,0.456
0,sz150019,0.934,0.986,0.986,1374894.0,672090.0,702804.0,0.933,1335.0,0.932,3985.0,0.93,1089.0,0.928,300.0,0.925,300.0,0.934,3258.0,0.935,2297.0,0.936,53.0,0.937,81.0,0.938,250.0,10.0,20150826105241,-0.052,-5.27,0.993,0.897,0.93,1374894.0,13026.0,0.0,0.0,9.74,0.0,0.0,0.0,-1.0,-1.0,0.048,0.44,0.055,0.457
0,sz150019,0.934,0.986,0.986,1376645.0,672506.0,704139.0,0.933,205.0,0.932,3815.0,0.93,1089.0,0.928,300.0,0.925,300.0,0.934,3137.0,0.935,2297.0,0.936,53.0,0.937,81.0,0.938,250.0,10.0,20150826105250,-0.052,-5.27,0.993,0.897,0.93,1376645.0,13043.0,0.0,0.0,9.74,0.0,0.0,0.0,-1.0,-1.0,0.048,0.441,0.055,0.456
0,sz150019,0.933,0.986,0.986,1382094.0,677693.0,704401.0,0.934,904.0,0.932,3475.0,0.93,1000.0,0.928,300.0,0.925,300.0,0.935,614.0,0.936,53.0,0.937,81.0,0.938,250.0,0.939,51.0,10.0,20150826105259,-0.053,-5.38,0.993,0.897,0.93,1382094.0,13094.0,0.0,0.0,9.74,0.0,0.0,0.0,-1.0,-1.0,0.047,0.443,0.055,0.455
0,sz150019,0.934,0.986,0.986,1382244.0,677693.0,704551.0,0.934,758.0,0.933,183.0,0.932,3475.0,0.931,41.0,0.93,1000.0,0.935,614.0,0.936,53.0,0.937,81.0,0.938,250.0,0.939,51.0,10.0,20150826105305,-0.052,-5.27,0.993,0.897,0.934,1382244.0,13095.0,0.0,0.0,9.74,0.0,0.0,0.0,-1.0,-1.0,0.047,0.442,0.055,0.455
0,sz150019,0.935,0.986,0.986,1383249.0,677998.0,705251.0,0.934,918.0,0.933,110.0,0.932,3300.0,0.931,41.0,0.93,900.0,0.935,300.0,0.936,37.0,0.937,381.0,0.938,250.0,0.939,51.0,10.0,20150826105314,-0.051,-5.17,0.993,0.897,0.934,1383249.0,13104.0,0.0,0.0,9.74,0.0,0.0,0.0,-1.0,-1.0,0.047,0.442,0.055,0.455
0,sz150019,0.938,0.986,0.986,1385138.0,679887.0,705251.0,0.938,389.0,0.934,939.0,0.933,210.0,0.932,430.0,0.931,41.0,0.939,51.0,0.94,1660.0,0.941,1.0,0.942,110.0,0.943,284.0,10.0,20150826105323,-0.048,-4.87,0.993,0.897,0.934,1385138.0,13122.0,0.0,0.0,9.74,0.0,0.0,0.0,-1.0,-1.0,0.047,0.443,0.055,0.454
0,sz150019,0.935,0.986,0.986,1385605.0,679887.0,705718.0,0.935,20.0,0.934,1021.0,0.933,210.0,0.932,430.0,0.931,41.0,0.937,20.0,0.938,30.0,0.939,3151.0,0.94,660.0,0.941,1.0,10.0,20150826105332,-0.051,-5.17,0.993,0.897,0.934,1385605.0,13126.0,0.0,0.0,9.74,0.0,0.0,0.0,-1.0,-1.0,0.047,0.443,0.055,0.455
0,sz150019,0.939,0.986,0.986,1388805.0,683087.0,705718.0,0.935,360.0,0.934,856.0,0.933,210.0,0.932,430.0,0.931,41.0,0.938,100.0,0.939,1381.0,0.94,660.0,0.941,1.0,0.942,110.0,10.0,20150826105338,-0.047,-4.77,0.993,0.897,0.934,1388805.0,13156.0,0.0,0.0,9.74,0.0,0.0,0.0,-1.0,-1.0,0.047,0.443,0.055,0.455
0,sz150019,0.935,0.986,0.986,1390286.0,684154.0,706132.0,0.934,856.0,0.933,210.0,0.932,430.0,0.931,41.0,0.93,709.0,0.935,1590.0,0.937,29.0,0.938,559.0,0.939,1351.0,0.94,660.0,10.0,20150826105350,-0.051,-5.17,0.993,0.897,0.934,1390286.0,13170.0,0.0,0.0,9.74,0.0,0.0,0.0,-1.0,-1.0,0.047,0.445,0.055,0.453
0,sz150019,0.934,0.986,0.986,1391276.0,684336.0,706940.0,0.934,156.0,0.933,160.0,0.932,430.0,0.931,41.0,0.93,709.0,0.935,1605.0,0.937,29.0,0.938,819.0,0.939,2351.0,0.94,660.0,10.0,20150826105356,-0.052,-5.27,0.993,0.897,0.934,1391276.0,13180.0,0.0,0.0,9.74,0.0,0.0,0.0,-1.0,-1.0,0.047,0.445,0.055,0.453
0,sz150019,0.934,0.986,0.986,1392645.0,684563.0,708082.0,0.933,74.0,0.932,430.0,0.931,41.0,0.93,709.0,0.925,300.0,0.934,824.0,0.935,4064.0,0.937,1036.0,0.938,1329.0,0.939,2351.0,10.0,20150826105405,-0.052,-5.27,0.993,0.897,0.935,1392645.0,13192.0,0.0,0.0,9.74,0.0,0.0,0.0,-1.0,-1.0,0.047,0.444,0.055,0.454
0,sz150019,0.932,0.986,0.986,1394609.0,684929.0,709680.0,0.932,406.0,0.931,41.0,0.93,709.0,0.925,300.0,0.924,361.0,0.933,191.0,0.934,50.0,0.935,3282.0,0.937,129.0,0.938,1829.0,10.0,20150826105414,-0.054,-5.48,0.993,0.897,0.935,1394609.0,13211.0,0.0,0.0,9.74,0.0,0.0,0.0,-1.0,-1.0,0.047,0.444,0.055,0.455
0,sz150019,0.933,0.986,0.986,1396383.0,686682.0,709701.0,0.932,186.0,0.931,41.0,0.93,1703.0,0.925,300.0,0.924,361.0,0.933,58.0,0.935,2591.0,0.936,22.0,0.937,129.0,0.938,1829.0,10.0,20150826105420,-0.053,-5.38,0.993,0.897,0.935,1396383.0,13227.0,0.0,0.0,9.74,0.0,0.0,0.0,-1.0,-1.0,0.047,0.445,0.054,0.454
0,sz150019,0.932,0.986,0.986,1396413.0,686682.0,709731.0,0.932,156.0,0.931,41.0,0.93,1703.0,0.925,300.0,0.924,361.0,0.933,88.0,0.935,2791.0,0.936,22.0,0.937,129.0,0.938,1829.0,10.0,20150826105429,-0.054,-5.48,0.993,0.897,0.935,1396413.0,13228.0,0.0,0.0,9.74,0.0,0.0,0.0,-1.0,-1.0,0.047,0.445,0.054,0.454
0,sz150019,0.932,0.986,0.986,1396874.0,686887.0,709987.0,0.931,41.0,0.93,1603.0,0.925,3300.0,0.924,361.0,0.923,110.0,0.932,626.0,0.933,401.0,0.935,2816.0,0.936,22.0,0.937,129.0,10.0,20150826105438,-0.054,-5.48,0.993,0.897,0.935,1396874.0,13232.0,0.0,0.0,9.74,0.0,0.0,0.0,-1.0,-1.0,0.047,0.445,0.054,0.454
0,sz150019,0.932,0.986,0.986,1397898.0,687911.0,709987.0,0.93,644.0,0.925,3300.0,0.924,361.0,0.923,110.0,0.922,3208.0,0.931,20.0,0.932,994.0,0.933,401.0,0.935,2816.0,0.936,22.0,10.0,20150826105447,-0.054,-5.48,0.993,0.897,0.935,1397898.0,13241.0,0.0,0.0,9.74,0.0,0.0,0.0,-1.0,-1.0,0.047,0.445,0.054,0.454
0,sz150019,0.93,0.986,0.986,1398757.0,687931.0,710826.0,0.925,3100.0,0.924,361.0,0.923,110.0,0.922,3208.0,0.92,400.0,0.93,476.0,0.932,1179.0,0.933,350.0,0.935,2716.0,0.936,22.0,10.0,20150826105456,-0.056,-5.68,0.993,0.897,0.935,1398757.0,13249.0,0.0,0.0,9.74,0.0,0.0,0.0,-1.0,-1.0,0.047,0.445,0.054,0.454
0,sz150019,0.931,0.986,0.986,1399833.0,689007.0,710826.0,0.931,2334.0,0.926,800.0,0.925,3000.0,0.924,359.0,0.923,110.0,0.932,1179.0,0.933,350.0,0.935,2716.0,0.936,22.0,0.937,129.0,10.0,20150826105505,-0.055,-5.58,0.993,0.897,0.93,1399833.0,13259.0,0.0,0.0,9.74,0.0,0.0,0.0,-1.0,-1.0,0.047,0.445,0.054,0.454
0,sz150019,0.935,0.986,0.986,1406085.0,695259.0,710826.0,0.932,3.0,0.93,54.0,0.926,1174.0,0.925,3200.0,0.924,359.0,0.935,2616.0,0.936,22.0,0.937,129.0,0.938,1529.0,0.94,660.0,10.0,20150826105514,-0.051,-5.17,0.993,0.897,0.93,1406085.0,13318.0,0.0,0.0,9.74,0.0,0.0,0.0,-1.0,-1.0,0.047,0.448,0.054,0.452
0,sz150019,0.931,0.986,0.986,1407922.0,695959.0,711963.0,0.93,435.0,0.926,1007.0,0.925,3200.0,0.924,359.0,0.923,110.0,0.931,103.0,0.933,230.0,0.935,1736.0,0.936,22.0,0.937,129.0,10.0,20150826105523,-0.055,-5.58,0.993,0.897,0.93,1407922.0,13335.0,0.0,0.0,9.74,0.0,0.0,0.0,-1.0,-1.0,0.047,0.448,0.054,0.452
0,sz150019,0.931,0.986,0.986,1408535.0,696072.0,712463.0,0.931,37.0,0.93,2757.0,0.928,344.0,0.927,130.0,0.926,1007.0,0.935,1666.0,0.936,22.0,0.937,129.0,0.938,909.0,0.94,660.0,10.0,20150826105529,-0.055,-5.58,0.993,0.897,0.93,1408535.0,13340.0,0.0,0.0,9.74,0.0,0.0,0.0,-1.0,-1.0,0.047,0.447,0.054,0.452
0,sz150019,0.933,0.986,0.986,1409441.0,696347.0,713094.0,0.932,224.0,0.931,197.0,0.93,2757.0,0.928,344.0,0.927,2130.0,0.933,1344.0,0.935,1166.0,0.936,22.0,0.937,129.0,0.938,909.0,10.0,20150826105541,-0.053,-5.38,0.993,0.897,0.93,1409441.0,13349.0,0.0,0.0,9.74,0.0,0.0,0.0,-1.0,-1.0,0.047,0.447,0.054,0.452
0,sz150019,0.935,0.986,0.986,1410792.0,697698.0,713094.0,0.933,10100.0,0.932,224.0,0.931,3247.0,0.93,1803.0,0.928,344.0,0.935,1159.0,0.937,129.0,0.938,909.0,0.939,200.0,0.94,660.0,10.0,20150826105550,-0.051,-5.17,0.993,0.897,0.93,1410792.0,13361.0,0.0,0.0,9.74,0.0,0.0,0.0,-1.0,-1.0,0.047,0.448,0.054,0.452
0,sz150019,0.94,0.986,0.986,1414164.0,701070.0,713094.0,0.94,8102.0,0.935,1106.0,0.933,11290.0,0.932,498.0,0.931,3187.0,0.941,1.0,0.942,110.0,0.943,284.0,0.944,181.0,0.945,453.0,10.0,20150826105559,-0.046,-4.67,0.993,0.897,0.93,1414164.0,13393.0,0.0,0.0,9.74,0.0,0.0,0.0,-1.0,-1.0,0.046,0.448,0.054,0.452
0,sz150019,0.942,0.986,0.986,1416785.0,701090.0,715695.0,0.94,5501.0,0.938,952.0,0.935,1803.0,0.934,30.0,0.933,11160.0,0.942,191.0,0.943,284.0,0.944,181.0,0.945,453.0,0.946,295.0,10.0,20150826105608,-0.044,-4.46,0.993,0.897,0.94,1416785.0,13418.0,0.0,0.0,9.74,0.0,0.0,0.0,-1.0,-1.0,0.046,0.448,0.054,0.452
0,sz150019,0.943,0.986,0.986,1418267.0,702572.0,715695.0,0.94,4411.0,0.938,952.0,0.935,1837.0,0.934,30.0,0.933,10310.0,0.943,293.0,0.944,281.0,0.945,553.0,0.946,295.0,0.947,16.0,10.0,20150826105617,-0.043,-4.36,0.993,0.897,0.94,1418267.0,13432.0,0.0,0.0,9.74,0.0,0.0,0.0,-1.0,-1.0,0.046,0.449,0.054,0.451
0,sz150019,0.943,0.986,0.986,1418537.0,702842.0,715695.0,0.942,100.0,0.94,100.0,0.938,195.0,0.935,57.0,0.933,210.0,0.943,23.0,0.944,759.0,0.945,2434.0,0.946,295.0,0.947,16.0,10.0,20150826105626,-0.043,-4.36,0.993,0.897,0.94,1418537.0,13434.0,0.0,0.0,9.74,0.0,0.0,0.0,-1.0,-1.0,0.046,0.449,0.054,0.451
0,sz150019,0.944,0.986,0.986,1422707.0,703808.0,718899.0,0.944,845.0,0.943,1242.0,0.942,251.0,0.941,150.0,0.94,150.0,0.946,100.0,0.947,100.0,0.948,74.0,0.949,101.0,0.95,3539.0,10.0,20150826105635,-0.042,-4.26,0.993,0.897,0.94,1422707.0,13474.0,0.0,0.0,9.74,0.0,0.0,0.0,-1.0,-1.0,0.046,0.449,0.054,0.451
0,sz150019,0.944,0.986,0.986,1425740.0,706808.0,718932.0,0.945,20.0,0.944,812.0,0.943,1352.0,0.942,251.0,0.941,150.0,0.95,914.0,0.951,592.0,0.952,150.0,0.953,1.0,0.954,267.0,10.0,20150826105644,-0.042,-4.26,0.993,0.897,0.94,1425740.0,13502.0,0.0,0.0,9.74,0.0,0.0,0.0,-1.0,-1.0,0.046,0.45,0.053,0.451
0,sz150019,0.946,0.986,0.986,1425874.0,706908.0,718966.0,0.945,486.0,0.944,848.0,0.943,1452.0,0.942,251.0,0.941,150.0,0.946,700.0,0.95,924.0,0.951,592.0,0.952,150.0,0.953,1.0,10.0,20150826105653,-0.04,-4.06,0.993,0.897,0.94,1425874.0,13504.0,0.0,0.0,9.74,0.0,0.0,0.0,-1.0,-1.0,0.046,0.45,0.053,0.451
0,sz150019,0.95,0.986,0.986,1427157.0,707671.0,719486.0,0.946,50.0,0.945,566.0,0.944,2048.0,0.943,1452.0,0.942,251.0,0.95,954.0,0.951,592.0,0.952,150.0,0.953,1.0,0.954,267.0,10.0,20150826105702,-0.036,-3.65,0.993,0.897,0.94,1427157.0,13516.0,0.0,0.0,9.74,0.0,0.0,0.0,-1.0,-1.0,0.046,0.45,0.053,0.451
0,sz150019,0.949,0.986,0.986,1427271.0,707760.0,719511.0,0.946,2916.0,0.945,446.0,0.944,2048.0,0.943,1442.0,0.942,251.0,0.949,186.0,0.95,1225.0,0.951,592.0,0.952,150.0,0.953,15.0,10.0,20150826105711,-0.037,-3.75,0.993,0.897,0.95,1427271.0,13517.0,0.0,0.0,9.74,0.0,0.0,0.0,-1.0,-1.0,0.046,0.45,0.053,0.451
0,sz150019,0.949,0.986,0.986,1428057.0,708546.0,719511.0,0.949,20.0,0.946,2946.0,0.945,446.0,0.944,2048.0,0.943,1442.0,0.95,1325.0,0.951,592.0,0.952,150.0,0.953,15.0,0.954,267.0,10.0,20150826105720,-0.037,-3.75,0.993,0.897,0.95,1428057.0,13524.0,0.0,0.0,9.74,0.0,0.0,0.0,-1.0,-1.0,0.046,0.45,0.053,0.451
0,sz150019,0.949,0.986,0.986,1428854.0,709332.0,719522.0,0.946,2861.0,0.945,386.0,0.944,2048.0,0.943,1342.0,0.942,251.0,0.949,623.0,0.95,1052.0,0.951,592.0,0.952,150.0,0.953,15.0,10.0,20150826105732,-0.037,-3.75,0.993,0.897,0.95,1428854.0,13532.0,0.0,0.0,9.74,0.0,0.0,0.0,-1.0,-1.0,0.046,0.45,0.053,0.45
0,sz150019,0.95,0.986,0.986,1430529.0,711007.0,719522.0,0.95,1269.0,0.947,200.0,0.946,34.0,0.945,386.0,0.944,2048.0,0.951,592.0,0.952,150.0,0.953,15.0,0.954,267.0,0.955,777.0,10.0,20150826105741,-0.036,-3.65,0.993,0.897,0.95,1430529.0,13548.0,0.0,0.0,9.74,0.0,0.0,0.0,-1.0,-1.0,0.046,0.451,0.053,0.45
0,sz150019,0.951,0.986,0.986,1430746.0,711104.0,719642.0,0.95,1249.0,0.949,10106.0,0.947,200.0,0.946,34.0,0.945,386.0,0.951,495.0,0.952,150.0,0.953,15.0,0.954,267.0,0.955,777.0,10.0,20150826105750,-0.035,-3.55,0.993,0.897,0.95,1430746.0,13550.0,0.0,0.0,9.74,0.0,0.0,0.0,-1.0,-1.0,0.046,0.451,0.053,0.45
0,sz150019,0.95,0.986,0.986,1431253.0,711440.0,719813.0,0.95,1502.0,0.949,10106.0,0.947,200.0,0.946,34.0,0.945,386.0,0.951,28.0,0.952,150.0,0.953,15.0,0.954,267.0,0.955,1325.0,10.0,20150826105759,-0.036,-3.65,0.993,0.897,0.95,1431253.0,13555.0,0.0,0.0,9.74,0.0,0.0,0.0,-1.0,-1.0,0.046,0.451,0.053,0.45
0,sz150019,0.951,0.986,0.986,1431923.0,711530.0,720393.0,0.951,565.0,0.95,1602.0,0.949,10006.0,0.947,200.0,0.946,34.0,0.952,90.0,0.953,215.0,0.954,267.0,0.955,1345.0,0.957,1.0,10.0,20150826105808,-0.035,-3.55,0.993,0.897,0.951,1431923.0,13561.0,0.0,0.0,9.74,0.0,0.0,0.0,-1.0,-1.0,0.046,0.451,0.053,0.45
0,sz150019,0.952,0.986,0.986,1432702.0,711720.0,720982.0,0.952,958.0,0.951,535.0,0.95,1602.0,0.949,10005.0,0.947,200.0,0.953,165.0,0.954,567.0,0.955,1345.0,0.957,1.0,0.958,700.0,10.0,20150826105817,-0.034,-3.45,0.993,0.897,0.951,1432702.0,13568.0,0.0,0.0,9.74,0.0,0.0,0.0,-1.0,-1.0,0.046,0.451,0.053,0.45
0,sz150019,0.953,0.986,0.986,1433739.0,711855.0,721884.0,0.953,121.0,0.952,567.0,0.951,965.0,0.95,1502.0,0.949,10005.0,0.954,1367.0,0.955,1445.0,0.957,1.0,0.958,1082.0,0.959,396.0,10.0,20150826105826,-0.033,-3.35,0.993,0.897,0.951,1433739.0,13578.0,0.0,0.0,9.74,0.0,0.0,0.0,-1.0,-1.0,0.046,0.451,0.053,0.451
0,sz150019,0.952,0.986,0.986,1434575.0,711855.0,722720.0,0.952,4.0,0.951,965.0,0.95,1502.0,0.949,10005.0,0.947,200.0,0.954,1367.0,0.955,1448.0,0.957,1.0,0.958,1082.0,0.959,426.0,10.0,20150826105835,-0.034,-3.45,0.993,0.897,0.951,1434575.0,13586.0,0.0,0.0,9.74,0.0,0.0,0.0,-1.0,-1.0,0.046,0.45,0.053,0.451
0,sz150019,0.951,0.986,0.986,1435323.0,712135.0,723188.0,0.951,769.0,0.95,1502.0,0.949,10005.0,0.947,200.0,0.946,34.0,0.952,741.0,0.953,304.0,0.954,567.0,0.955,1448.0,0.957,1.0,10.0,20150826105847,-0.035,-3.55,0.993,0.897,0.951,1435323.0,13593.0,0.0,0.0,9.74,0.0,0.0,0.0,-1.0,-1.0,0.046,0.45,0.053,0.451
0,sz150019,0.951,0.986,0.986,1436006.0,712135.0,723871.0,0.951,96.0,0.95,1510.0,0.949,10005.0,0.947,200.0,0.946,34.0,0.952,751.0,0.953,716.0,0.954,567.0,0.955,1348.0,0.957,101.0,10.0,20150826105856,-0.035,-3.55,0.993,0.897,0.951,1436006.0,13600.0,0.0,0.0,9.74,0.0,0.0,0.0,-1.0,-1.0,0.046,0.45,0.053,0.451
0,sz150019,0.95,0.986,0.986,1437401.0,712135.0,725266.0,0.95,723.0,0.949,10005.0,0.946,34.0,0.945,11.0,0.944,1236.0,0.951,668.0,0.952,841.0,0.953,716.0,0.954,867.0,0.955,1348.0,10.0,20150826105906,-0.036,-3.65,0.993,0.897,0.951,1437401.0,13613.0,0.0,0.0,9.74,0.0,0.0,0.0,-1.0,-1.0,0.046,0.45,0.053,0.452
0,sz150019,0.951,0.986,0.986,1438031.0,712748.0,725283.0,0.95,606.0,0.949,10005.0,0.946,34.0,0.945,11.0,0.944,1236.0,0.951,155.0,0.952,754.0,0.953,716.0,0.954,967.0,0.955,1398.0,10.0,20150826105914,-0.035,-3.55,0.993,0.897,0.951,1438031.0,13619.0,0.0,0.0,9.74,0.0,0.0,0.0,-1.0,-1.0,0.046,0.45,0.053,0.452
0,sz150019,0.95,0.986,0.986,1438686.0,712748.0,725938.0,0.949,10005.0,0.946,34.0,0.945,11.0,0.944,1236.0,0.943,1342.0,0.95,4908.0,0.951,2016.0,0.952,260.0,0.953,716.0,0.954,1847.0,10.0,20150826105926,-0.036,-3.65,0.993,0.897,0.951,1438686.0,13625.0,0.0,0.0,9.74,0.0,0.0,0.0,-1.0,-1.0,0.046,0.45,0.053,0.452
0,sz150019,0.949,0.986,0.986,1441328.0,713002.0,728326.0,0.949,7617.0,0.946,34.0,0.944,1236.0,0.943,1342.0,0.941,150.0,0.95,10041.0,0.951,684.0,0.952,310.0,0.953,766.0,0.954,767.0,10.0,20150826105935,-0.037,-3.75,0.993,0.897,0.951,1441328.0,13650.0,0.0,0.0,9.74,0.0,0.0,0.0,-1.0,-1.0,0.046,0.449,0.053,0.453
0,sz150019,0.949,0.986,0.986,1445443.0,713002.0,732441.0,0.949,3502.0,0.946,34.0,0.944,1236.0,0.943,1342.0,0.941,150.0,0.95,8391.0,0.951,644.0,0.952,310.0,0.953,766.0,0.954,767.0,10.0,20150826105945,-0.037,-3.75,0.993,0.897,0.951,1445443.0,13690.0,0.0,0.0,9.74,0.0,0.0,0.0,-1.0,-1.0,0.045,0.448,0.053,0.454
0,sz150019,0.944,0.986,0.986,1450043.0,713002.0,737041.0,0.944,226.0,0.943,1342.0,0.941,150.0,0.94,424.0,0.936,35.0,0.946,466.0,0.948,90.0,0.949,875.0,0.95,7699.0,0.951,544.0,10.0,20150826105956,-0.042,-4.26,0.993,0.897,0.951,1450043.0,13733.0,0.0,0.0,9.74,0.0,0.0,0.0,-1.0,-1.0,0.045,0.446,0.052,0.456
0,sz150019,0.944,0.986,0.986,1450183.0,713102.0,737081.0,0.944,286.0,0.943,1342.0,0.941,150.0,0.94,424.0,0.936,35.0,0.946,896.0,0.948,2155.0,0.949,1796.0,0.95,7609.0,0.951,584.0,11.0,20150826110005,-0.042,-4.26,0.993,0.897,0.946,1450183.0,13734.0,0.0,0.0,9.74,0.0,0.0,0.0,-1.0,-1.0,0.045,0.446,0.052,0.456
0,sz150019,0.943,0.986,0.986,1450753.0,713222.0,737531.0,0.943,158.0,0.941,150.0,0.94,434.0,0.936,35.0,0.935,23.0,0.945,300.0,0.946,1009.0,0.948,2155.0,0.949,1773.0,0.95,3722.0,11.0,20150826110015,-0.043,-4.36,0.993,0.897,0.946,1450753.0,13740.0,0.0,0.0,9.74,0.0,0.0,0.0,-1.0,-1.0,0.045,0.446,0.052,0.456
0,sz150019,0.945,0.986,0.986,1451437.0,713780.0,737657.0,0.945,171.0,0.943,158.0,0.941,150.0,0.94,434.0,0.936,35.0,0.946,444.0,0.947,100.0,0.948,2065.0,0.949,1123.0,0.95,3162.0,11.0,20150826110024,-0.041,-4.16,0.993,0.897,0.946,1451437.0,13746.0,0.0,0.0,9.74,0.0,0.0,0.0,-1.0,-1.0,0.045,0.446,0.052,0.456
0,sz150019,0.945,0.986,0.986,1452440.0,714380.0,738060.0,0.941,150.0,0.94,434.0,0.936,35.0,0.935,23.0,0.931,3200.0,0.943,60.0,0.945,123.0,0.946,126.0,0.947,100.0,0.948,65.0,11.0,20150826110035,-0.041,-4.16,0.993,0.897,0.946,1452440.0,13756.0,0.0,0.0,9.74,0.0,0.0,0.0,-1.0,-1.0,0.045,0.446,0.052,0.456
0,sz150019,0.943,0.986,0.986,1452535.0,714425.0,738110.0,0.942,1000.0,0.941,200.0,0.94,484.0,0.936,83.0,0.935,173.0,0.943,15.0,0.945,672.0,0.946,226.0,0.947,2100.0,0.948,65.0,11.0,20150826110045,-0.043,-4.36,0.993,0.897,0.946,1452535.0,13757.0,0.0,0.0,9.74,0.0,0.0,0.0,-1.0,-1.0,0.045,0.446,0.052,0.456
0,sz150019,0.942,0.986,0.986,1453263.0,714540.0,738723.0,0.942,1366.0,0.941,200.0,0.94,484.0,0.936,83.0,0.935,173.0,0.943,30.0,0.944,26.0,0.945,722.0,0.946,226.0,0.947,2150.0,11.0,20150826110056,-0.044,-4.46,0.993,0.897,0.946,1453263.0,13764.0,0.0,0.0,9.74,0.0,0.0,0.0,-1.0,-1.0,0.045,0.446,0.052,0.456
0,sz150019,0.942,0.986,0.986,1453673.0,714540.0,739133.0,0.942,956.0,0.941,200.0,0.94,484.0,0.936,83.0,0.935,173.0,0.943,735.0,0.944,26.0,0.945,722.0,0.946,126.0,0.947,2150.0,11.0,20150826110106,-0.044,-4.46,0.993,0.897,0.942,1453673.0,13767.0,0.0,0.0,9.74,0.0,0.0,0.0,-1.0,-1.0,0.045,0.446,0.052,0.456
0,sz150019,0.943,0.986,0.986,1454857.0,715724.0,739133.0,0.942,890.0,0.941,200.0,0.94,484.0,0.936,83.0,0.935,173.0,0.943,817.0,0.944,26.0,0.945,722.0,0.946,126.0,0.947,2250.0,11.0,20150826110115,-0.043,-4.36,0.993,0.897,0.942,1454857.0,13779.0,0.0,0.0,9.74,0.0,0.0,0.0,-1.0,-1.0,0.045,0.447,0.052,0.456
0,sz150019,0.942,0.986,0.986,1456324.0,715987.0,740337.0,0.94,384.0,0.936,293.0,0.935,173.0,0.933,100.0,0.932,374.0,0.942,6558.0,0.943,928.0,0.944,26.0,0.945,722.0,0.946,126.0,11.0,20150826110129,-0.044,-4.46,0.993,0.897,0.942,1456324.0,13792.0,0.0,0.0,9.74,0.0,0.0,0.0,-1.0,-1.0,0.045,0.446,0.052,0.456
0,sz150019,0.942,0.986,0.986,1456374.0,716037.0,740337.0,0.94,352.0,0.936,293.0,0.935,173.0,0.933,100.0,0.932,374.0,0.942,15605.0,0.943,903.0,0.944,26.0,0.945,722.0,0.946,126.0,11.0,20150826110138,-0.044,-4.46,0.993,0.897,0.942,1456374.0,13793.0,0.0,0.0,9.74,0.0,0.0,0.0,-1.0,-1.0,0.045,0.446,0.052,0.456
0,sz150019,0.94,0.986,0.986,1456689.0,716037.0,740652.0,0.94,37.0,0.936,293.0,0.935,173.0,0.933,100.0,0.932,374.0,0.941,226.0,0.942,15850.0,0.943,903.0,0.944,26.0,0.945,722.0,11.0,20150826110145,-0.046,-4.67,0.993,0.897,0.942,1456689.0,13796.0,0.0,0.0,9.74,0.0,0.0,0.0,-1.0,-1.0,0.045,0.446,0.052,0.456
0,sz150019,0.94,0.986,0.986,1456986.0,716037.0,740949.0,0.936,210.0,0.935,173.0,0.933,300.0,0.932,374.0,0.931,3213.0,0.94,1233.0,0.941,3726.0,0.942,15889.0,0.943,903.0,0.944,26.0,11.0,20150826110157,-0.046,-4.67,0.993,0.897,0.942,1456986.0,13799.0,0.0,0.0,9.74,0.0,0.0,0.0,-1.0,-1.0,0.045,0.446,0.052,0.457
0,sz150019,0.94,0.986,0.986,1457832.0,716883.0,740949.0,0.936,210.0,0.935,173.0,0.933,383.0,0.932,374.0,0.931,3213.0,0.94,407.0,0.941,3659.0,0.942,6672.0,0.943,903.0,0.944,26.0,11.0,20150826110209,-0.046,-4.67,0.993,0.897,0.94,1457832.0,13807.0,0.0,0.0,9.74,0.0,0.0,0.0,-1.0,-1.0,0.045,0.447,0.052,0.456
0,sz150019,0.935,0.986,0.986,1458506.0,717174.0,741332.0,0.933,383.0,0.932,374.0,0.931,213.0,0.93,764.0,0.928,300.0,0.935,5926.0,0.936,1.0,0.939,50.0,0.94,1083.0,0.941,4659.0,11.0,20150826110221,-0.051,-5.17,0.993,0.897,0.94,1458506.0,13813.0,0.0,0.0,9.74,0.0,0.0,0.0,-1.0,-1.0,0.045,0.447,0.052,0.456
0,sz150019,0.935,0.986,0.986,1459790.0,717274.0,742516.0,0.932,484.0,0.931,13.0,0.93,764.0,0.928,300.0,0.926,3000.0,0.933,223.0,0.935,5079.0,0.936,1.0,0.939,50.0,0.94,1063.0,11.0,20150826110232,-0.051,-5.17,0.993,0.897,0.94,1459790.0,13825.0,0.0,0.0,9.74,0.0,0.0,0.0,-1.0,-1.0,0.045,0.446,0.052,0.457
0,sz150019,0.933,0.986,0.986,1459820.0,717304.0,742516.0,0.932,484.0,0.93,764.0,0.928,300.0,0.926,3000.0,0.925,1340.0,0.933,193.0,0.935,5079.0,0.936,1.0,0.939,58.0,0.94,863.0,11.0,20150826110242,-0.053,-5.38,0.993,0.897,0.94,1459820.0,13825.0,0.0,0.0,9.74,0.0,0.0,0.0,-1.0,-1.0,0.045,0.446,0.052,0.457
0,sz150019,0.932,0.986,0.986,1462065.0,717744.0,744321.0,0.93,764.0,0.928,300.0,0.926,3000.0,0.925,1340.0,0.924,311.0,0.932,1205.0,0.933,59.0,0.935,5079.0,0.939,58.0,0.94,863.0,11.0,20150826110253,-0.054,-5.48,0.993,0.897,0.94,1462065.0,13846.0,0.0,0.0,9.74,0.0,0.0,0.0,-1.0,-1.0,0.045,0.446,0.052,0.457
0,sz150019,0.933,0.986,0.986,1463382.0,719011.0,744371.0,0.933,199.0,0.932,5.0,0.93,1644.0,0.928,300.0,0.927,14.0,0.935,5079.0,0.939,58.0,0.94,863.0,0.941,4159.0,0.942,140.0,11.0,20150826110306,-0.053,-5.38,0.993,0.897,0.933,1463382.0,13858.0,0.0,0.0,9.74,0.0,0.0,0.0,-1.0,-1.0,0.045,0.446,0.052,0.457
0,sz150019,0.933,0.986,0.986,1463775.0,719011.0,744764.0,0.933,306.0,0.932,1005.0,0.93,1644.0,0.928,300.0,0.927,14.0,0.935,5079.0,0.939,58.0,0.94,863.0,0.941,1159.0,0.942,140.0,11.0,20150826110315,-0.053,-5.38,0.993,0.897,0.933,1463775.0,13862.0,0.0,0.0,9.74,0.0,0.0,0.0,-1.0,-1.0,0.045,0.446,0.052,0.457
0,sz150019,0.935,0.986,0.986,1464980.0,720130.0,744850.0,0.934,169.0,0.933,424.0,0.932,1096.0,0.931,31.0,0.93,764.0,0.935,4129.0,0.939,58.0,0.94,813.0,0.941,159.0,0.942,140.0,11.0,20150826110327,-0.051,-5.17,0.993,0.897,0.933,1464980.0,13873.0,0.0,0.0,9.74,0.0,0.0,0.0,-1.0,-1.0,0.045,0.446,0.052,0.457
0,sz150019,0.935,0.986,0.986,1466063.0,721212.0,744850.0,0.934,892.0,0.933,425.0,0.932,1096.0,0.931,31.0,0.93,771.0,0.935,3246.0,0.939,58.0,0.94,813.0,0.941,159.0,0.942,140.0,11.0,20150826110335,-0.051,-5.17,0.993,0.897,0.933,1466063.0,13883.0,0.0,0.0,9.74,0.0,0.0,0.0,-1.0,-1.0,0.045,0.447,0.052,0.456
0,sz150019,0.935,0.986,0.986,1466491.0,721640.0,744850.0,0.934,1351.0,0.933,323.0,0.932,1096.0,0.931,31.0,0.93,771.0,0.935,2834.0,0.939,58.0,0.94,813.0,0.941,100.0,0.942,140.0,11.0,20150826110347,-0.051,-5.17,0.993,0.897,0.933,1466491.0,13887.0,0.0,0.0,9.74,0.0,0.0,0.0,-1.0,-1.0,0.045,0.447,0.052,0.456
0,sz150019,0.935,0.986,0.986,1467259.0,722208.0,745050.0,0.934,838.0,0.933,323.0,0.932,1096.0,0.931,231.0,0.93,771.0,0.935,2279.0,0.939,58.0,0.94,813.0,0.941,100.0,0.942,140.0,11.0,20150826110400,-0.051,-5.17,0.993,0.897,0.933,1467259.0,13895.0,0.0,0.0,9.74,0.0,0.0,0.0,-1.0,-1.0,0.045,0.447,0.052,0.456
0,sz150019,0.936,0.986,0.986,1469541.0,724490.0,745050.0,0.936,108.0,0.935,898.0,0.934,911.0,0.933,68.0,0.932,1077.0,0.939,58.0,0.94,513.0,0.941,100.0,0.942,140.0,0.943,903.0,11.0,20150826110414,-0.05,-5.07,0.993,0.897,0.935,1469541.0,13916.0,0.0,0.0,9.74,0.0,0.0,0.0,-1.0,-1.0,0.045,0.448,0.052,0.455
0,sz150019,0.939,0.986,0.986,1469979.0,724884.0,745096.0,0.939,407.0,0.936,260.0,0.935,912.0,0.934,911.0,0.933,58.0,0.94,513.0,0.941,100.0,0.942,140.0,0.943,903.0,0.944,70.0,11.0,20150826110424,-0.047,-4.77,0.993,0.897,0.935,1469979.0,13920.0,0.0,0.0,9.74,0.0,0.0,0.0,-1.0,-1.0,0.045,0.448,0.052,0.455
0,sz150019,0.94,0.986,0.986,1471166.0,726070.0,745096.0,0.94,219.0,0.936,67.0,0.935,1012.0,0.934,861.0,0.933,58.0,0.941,100.0,0.942,140.0,0.943,903.0,0.944,70.0,0.945,777.0,11.0,20150826110436,-0.046,-4.67,0.993,0.897,0.935,1471166.0,13931.0,0.0,0.0,9.74,0.0,0.0,0.0,-1.0,-1.0,0.045,0.449,0.052,0.455
0,sz150019,0.939,0.986,0.986,1471747.0,726082.0,745664.0,0.939,552.0,0.936,167.0,0.935,932.0,0.934,538.0,0.933,58.0,0.94,510.0,0.941,100.0,0.942,140.0,0.943,903.0,0.944,70.0,11.0,20150826110444,-0.047,-4.77,0.993,0.897,0.935,1471747.0,13937.0,0.0,0.0,9.74,0.0,0.0,0.0,-1.0,-1.0,0.045,0.449,0.052,0.455
0,sz150019,0.94,0.986,0.986,1472557.0,726692.0,745864.0,0.94,765.0,0.939,2.0,0.936,467.0,0.935,932.0,0.934,538.0,0.941,100.0,0.942,140.0,0.943,903.0,0.944,70.0,0.945,777.0,11.0,20150826110459,-0.046,-4.67,0.993,0.897,0.935,1472557.0,13944.0,0.0,0.0,9.74,0.0,0.0,0.0,-1.0,-1.0,0.045,0.449,0.052,0.455
0,sz150019,0.941,0.986,0.986,1472667.0,726702.0,745964.0,0.94,715.0,0.939,13.0,0.937,100.0,0.936,467.0,0.935,832.0,0.941,90.0,0.942,140.0,0.943,903.0,0.944,70.0,0.945,777.0,11.0,20150826110509,-0.045,-4.56,0.993,0.897,0.94,1472667.0,13945.0,0.0,0.0,9.74,0.0,0.0,0.0,-1.0,-1.0,0.045,0.449,0.052,0.455
0,sz150019,0.943,0.986,0.986,1473390.0,727426.0,745964.0,0.941,5.0,0.94,642.0,0.939,13.0,0.938,2.0,0.937,100.0,0.942,100.0,0.943,493.0,0.944,70.0,0.945,777.0,0.947,151.0,11.0,20150826110521,-0.043,-4.36,0.993,0.897,0.94,1473390.0,13952.0,0.0,0.0,9.74,0.0,0.0,0.0,-1.0,-1.0,0.045,0.449,0.052,0.455
0,sz150019,0.942,0.986,0.986,1473967.0,727726.0,746242.0,0.941,15.0,0.94,618.0,0.939,13.0,0.938,2.0,0.937,100.0,0.942,40.0,0.943,508.0,0.944,70.0,0.945,777.0,0.947,151.0,11.0,20150826110532,-0.044,-4.46,0.993,0.897,0.94,1473967.0,13957.0,0.0,0.0,9.74,0.0,0.0,0.0,-1.0,-1.0,0.044,0.449,0.052,0.455
0,sz150019,0.942,0.986,0.986,1474337.0,728070.0,746266.0,0.94,433.0,0.939,13.0,0.938,2.0,0.937,100.0,0.936,467.0,0.942,50.0,0.943,447.0,0.944,70.0,0.945,777.0,0.947,151.0,11.0,20150826110541,-0.044,-4.46,0.993,0.897,0.94,1474337.0,13961.0,0.0,0.0,9.74,0.0,0.0,0.0,-1.0,-1.0,0.044,0.449,0.052,0.455
0,sz150019,0.94,0.986,0.986,1475340.0,728220.0,747120.0,0.939,18.0,0.938,2.0,0.937,200.0,0.936,567.0,0.935,432.0,0.94,955.0,0.941,2025.0,0.942,1300.0,0.943,3447.0,0.944,280.0,11.0,20150826110557,-0.046,-4.67,0.993,0.897,0.94,1475340.0,13970.0,0.0,0.0,9.74,0.0,0.0,0.0,-1.0,-1.0,0.044,0.449,0.052,0.455
0,sz150019,0.939,0.986,0.986,1475389.0,728252.0,747138.0,0.938,2.0,0.937,770.0,0.936,567.0,0.935,571.0,0.933,58.0,0.939,482.0,0.94,740.0,0.941,2025.0,0.942,1200.0,0.943,3447.0,11.0,20150826110606,-0.047,-4.77,0.993,0.897,0.94,1475389.0,13971.0,0.0,0.0,9.74,0.0,0.0,0.0,-1.0,-1.0,0.044,0.449,0.052,0.455
0,sz150019,0.938,0.986,0.986,1475570.0,728330.0,747240.0,0.937,769.0,0.936,467.0,0.935,571.0,0.933,58.0,0.932,74.0,0.938,928.0,0.939,381.0,0.94,1140.0,0.941,60.0,0.942,1134.0,11.0,20150826110621,-0.048,-4.87,0.993,0.897,0.94,1475570.0,13973.0,0.0,0.0,9.74,0.0,0.0,0.0,-1.0,-1.0,0.044,0.449,0.052,0.455
0,sz150019,0.937,0.986,0.986,1476239.0,728330.0,747910.0,0.936,467.0,0.935,571.0,0.933,58.0,0.932,74.0,0.931,201.0,0.937,1906.0,0.938,1028.0,0.939,331.0,0.94,1140.0,0.941,60.0,11.0,20150826110630,-0.049,-4.97,0.993,0.897,0.94,1476239.0,13979.0,0.0,0.0,9.74,0.0,0.0,0.0,-1.0,-1.0,0.044,0.449,0.052,0.455
0,sz150019,0.935,0.986,0.986,1476722.0,728330.0,748392.0,0.935,349.0,0.933,52.0,0.932,106.0,0.931,201.0,0.93,889.0,0.936,5000.0,0.937,552.0,0.938,920.0,0.939,164.0,0.94,1040.0,11.0,20150826110645,-0.051,-5.17,0.993,0.897,0.94,1476722.0,13983.0,0.0,0.0,9.74,0.0,0.0,0.0,-1.0,-1.0,0.044,0.449,0.051,0.455
0,sz150019,0.933,0.986,0.986,1477123.0,728330.0,748794.0,0.932,106.0,0.931,201.0,0.93,859.0,0.929,1.0,0.928,260.0,0.933,76.0,0.935,1115.0,0.936,5000.0,0.937,562.0,0.938,870.0,11.0,20150826110654,-0.053,-5.38,0.993,0.897,0.94,1477123.0,13987.0,0.0,0.0,9.74,0.0,0.0,0.0,-1.0,-1.0,0.044,0.449,0.051,0.456
0,sz150019,0.932,0.986,0.986,1477225.0,728356.0,748870.0,0.93,810.0,0.929,1.0,0.928,260.0,0.927,14.0,0.926,10.0,0.931,1037.0,0.932,128.0,0.933,76.0,0.934,110.0,0.935,15.0,11.0,20150826110709,-0.054,-5.48,0.993,0.897,0.932,1477225.0,13988.0,0.0,0.0,9.74,0.0,0.0,0.0,-1.0,-1.0,0.044,0.449,0.051,0.456
0,sz150019,0.93,0.986,0.986,1478486.0,729386.0,749100.0,0.93,59.0,0.929,1.0,0.928,260.0,0.927,14.0,0.926,10.0,0.932,98.0,0.933,10.0,0.934,110.0,0.935,5.0,0.936,300.0,11.0,20150826110718,-0.056,-5.68,0.993,0.897,0.932,1478486.0,14000.0,0.0,0.0,9.74,0.0,0.0,0.0,-1.0,-1.0,0.044,0.449,0.051,0.455
0,sz150019,0.93,0.986,0.986,1478545.0,729386.0,749160.0,0.929,1.0,0.928,260.0,0.927,14.0,0.926,10.0,0.925,403.0,0.93,749.0,0.931,3000.0,0.932,98.0,0.933,10.0,0.934,110.0,11.0,20150826110730,-0.056,-5.68,0.993,0.897,0.932,1478545.0,14000.0,0.0,0.0,9.74,0.0,0.0,0.0,-1.0,-1.0,0.044,0.449,0.051,0.455
0,sz150019,0.928,0.986,0.986,1478664.0,729400.0,749264.0,0.928,157.0,0.927,14.0,0.926,10.0,0.925,403.0,0.924,427.0,0.929,85.0,0.93,848.0,0.931,3000.0,0.932,98.0,0.933,10.0,11.0,20150826110745,-0.058,-5.88,0.993,0.897,0.932,1478664.0,14001.0,0.0,0.0,9.74,0.0,0.0,0.0,-1.0,-1.0,0.044,0.449,0.051,0.455
0,sz150019,0.928,0.986,0.986,1478809.0,729444.0,749364.0,0.928,27.0,0.927,14.0,0.926,310.0,0.925,301.0,0.924,426.0,0.929,70.0,0.93,371.0,0.931,3000.0,0.932,98.0,0.933,10.0,11.0,20150826110757,-0.058,-5.88,0.993,0.897,0.932,1478809.0,14003.0,0.0,0.0,9.74,0.0,0.0,0.0,-1.0,-1.0,0.044,0.449,0.051,0.455
0,sz150019,0.928,0.986,0.986,1478866.0,729444.0,749422.0,0.927,17.0,0.926,410.0,0.925,501.0,0.924,426.0,0.923,111.0,0.928,486.0,0.929,606.0,0.93,100.0,0.931,3000.0,0.932,98.0,11.0,20150826110809,-0.058,-5.88,0.993,0.897,0.928,1478866.0,14003.0,0.0,0.0,9.74,0.0,0.0,0.0,-1.0,-1.0,0.044,0.449,0.051,0.455
0,sz150019,0.928,0.986,0.986,1479562.0,730006.0,749556.0,0.927,184.0,0.926,410.0,0.925,501.0,0.924,426.0,0.923,111.0,0.928,1838.0,0.929,6930.0,0.93,5130.0,0.931,3000.0,0.932,98.0,11.0,20150826110821,-0.058,-5.88,0.993,0.897,0.928,1479562.0,14010.0,0.0,0.0,9.74,0.0,0.0,0.0,-1.0,-1.0,0.044,0.449,0.051,0.455
0,sz150019,0.927,0.986,0.986,1481277.0,731194.0,750082.0,0.926,310.0,0.925,501.0,0.924,426.0,0.923,111.0,0.922,108.0,0.927,29.0,0.928,1255.0,0.929,6880.0,0.93,5130.0,0.931,3000.0,11.0,20150826110833,-0.059,-5.98,0.993,0.897,0.928,1481277.0,14026.0,0.0,0.0,9.74,0.0,0.0,0.0,-1.0,-1.0,0.044,0.449,0.051,0.455
0,sz150019,0.927,0.986,0.986,1481560.0,731464.0,750096.0,0.927,727.0,0.926,5310.0,0.925,3516.0,0.924,426.0,0.923,111.0,0.928,1064.0,0.929,6594.0,0.93,5130.0,0.931,3000.0,0.932,88.0,11.0,20150826110845,-0.059,-5.98,0.993,0.897,0.928,1481560.0,14028.0,0.0,0.0,9.74,0.0,0.0,0.0,-1.0,-1.0,0.044,0.449,0.051,0.455
0,sz150019,0.929,0.986,0.986,1483495.0,733350.0,750146.0,0.928,2300.0,0.927,816.0,0.926,5420.0,0.925,3516.0,0.924,426.0,0.929,5773.0,0.93,130.0,0.931,3000.0,0.932,88.0,0.933,10.0,11.0,20150826110857,-0.057,-5.78,0.993,0.897,0.928,1483495.0,14046.0,0.0,0.0,9.74,0.0,0.0,0.0,-1.0,-1.0,0.044,0.45,0.051,0.454
0,sz150019,0.929,0.986,0.986,1485706.0,735560.0,750146.0,0.928,4338.0,0.927,912.0,0.926,5420.0,0.925,3516.0,0.924,426.0,0.929,3666.0,0.93,130.0,0.931,3000.0,0.932,88.0,0.933,10.0,11.0,20150826110909,-0.057,-5.78,0.993,0.897,0.929,1485706.0,14067.0,0.0,0.0,9.74,0.0,0.0,0.0,-1.0,-1.0,0.044,0.452,0.051,0.453
0,sz150019,0.928,0.986,0.986,1490176.0,739530.0,750646.0,0.929,975.0,0.928,4225.0,0.927,731.0,0.926,5420.0,0.925,3566.0,0.93,66.0,0.931,3000.0,0.932,88.0,0.933,10.0,0.934,110.0,11.0,20150826110924,-0.058,-5.88,0.993,0.897,0.929,1490176.0,14108.0,0.0,0.0,9.74,0.0,0.0,0.0,-1.0,-1.0,0.044,0.452,0.051,0.453
0,sz150019,0.93,0.986,0.986,1490613.0,739656.0,750958.0,0.93,904.0,0.929,2096.0,0.928,4205.0,0.927,709.0,0.926,5420.0,0.931,2920.0,0.932,88.0,0.933,10.0,0.934,110.0,0.937,37.0,11.0,20150826110933,-0.056,-5.68,0.993,0.897,0.929,1490613.0,14112.0,0.0,0.0,9.74,0.0,0.0,0.0,-1.0,-1.0,0.044,0.453,0.051,0.453
0,sz150019,0.932,0.986,0.986,1493671.0,742714.0,750958.0,0.932,532.0,0.931,12584.0,0.93,952.0,0.929,1667.0,0.928,4201.0,0.933,10.0,0.934,210.0,0.935,1200.0,0.936,100.0,0.937,37.0,11.0,20150826110945,-0.054,-5.48,0.993,0.897,0.929,1493671.0,14141.0,0.0,0.0,9.74,0.0,0.0,0.0,-1.0,-1.0,0.044,0.453,0.051,0.452
0,sz150019,0.935,0.986,0.986,1494307.0,743350.0,750958.0,0.934,30.0,0.933,1100.0,0.932,1770.0,0.931,12068.0,0.93,435.0,0.935,684.0,0.936,100.0,0.937,137.0,0.938,820.0,0.939,867.0,11.0,20150826110957,-0.051,-5.17,0.993,0.897,0.929,1494307.0,14147.0,0.0,0.0,9.74,0.0,0.0,0.0,-1.0,-1.0,0.044,0.454,0.051,0.452
0,sz150019,0.938,0.986,0.986,1495965.0,744907.0,751058.0,0.935,2114.0,0.934,844.0,0.933,600.0,0.932,732.0,0.931,11968.0,0.938,384.0,0.939,867.0,0.94,830.0,0.941,61.0,0.943,419.0,11.0,20150826111012,-0.048,-4.87,0.993,0.897,0.935,1495965.0,14162.0,0.0,0.0,9.74,0.0,0.0,0.0,-1.0,-1.0,0.044,0.454,0.051,0.451
0,sz150019,0.936,0.986,0.986,1497197.0,746089.0,751108.0,0.938,20.0,0.935,230.0,0.934,648.0,0.933,100.0,0.932,262.0,0.939,787.0,0.94,780.0,0.941,61.0,0.943,319.0,0.944,105.0,11.0,20150826111024,-0.05,-5.07,0.993,0.897,0.935,1497197.0,14174.0,0.0,0.0,9.74,0.0,0.0,0.0,-1.0,-1.0,0.044,0.455,0.051,0.451
0,sz150019,0.943,0.986,0.986,1498914.0,747806.0,751108.0,0.94,1076.0,0.939,5403.0,0.938,442.0,0.936,658.0,0.935,250.0,0.943,230.0,0.944,105.0,0.945,878.0,0.947,101.0,0.948,65.0,11.0,20150826111036,-0.043,-4.36,0.993,0.897,0.935,1498914.0,14190.0,0.0,0.0,9.74,0.0,0.0,0.0,-1.0,-1.0,0.044,0.455,0.051,0.45
0,sz150019,0.945,0.986,0.986,1500127.0,749019.0,751108.0,0.945,23.0,0.943,200.0,0.942,500.0,0.941,706.0,0.94,970.0,0.947,101.0,0.948,65.0,0.949,1649.0,0.95,2457.0,0.951,445.0,11.0,20150826111048,-0.041,-4.16,0.993,0.897,0.935,1500127.0,14201.0,0.0,0.0,9.74,0.0,0.0,0.0,-1.0,-1.0,0.044,0.455,0.051,0.45
0,sz150019,0.945,0.986,0.986,1500170.0,749039.0,751131.0,0.943,310.0,0.942,500.0,0.941,922.0,0.94,264.0,0.939,90.0,0.945,6.0,0.947,101.0,0.948,65.0,0.949,1559.0,0.95,2427.0,11.0,20150826111100,-0.041,-4.16,0.993,0.897,0.935,1500170.0,14202.0,0.0,0.0,9.74,0.0,0.0,0.0,-1.0,-1.0,0.044,0.456,0.051,0.45
0,sz150019,0.945,0.986,0.986,1501083.0,749522.0,751561.0,0.945,667.0,0.943,510.0,0.942,500.0,0.941,922.0,0.94,244.0,0.947,100.0,0.948,210.0,0.949,1218.0,0.95,2427.0,0.951,415.0,11.0,20150826111112,-0.041,-4.16,0.993,0.897,0.945,1501083.0,14211.0,0.0,0.0,9.74,0.0,0.0,0.0,-1.0,-1.0,0.044,0.456,0.051,0.45
0,sz150019,0.954,0.986,0.986,1506355.0,754694.0,751661.0,0.949,988.0,0.945,775.0,0.943,400.0,0.942,500.0,0.941,122.0,0.954,713.0,0.955,3633.0,0.957,151.0,0.958,700.0,0.959,396.0,11.0,20150826111127,-0.032,-3.25,0.993,0.897,0.945,1506355.0,14261.0,0.0,0.0,9.74,0.0,0.0,0.0,-1.0,-1.0,0.044,0.458,0.05,0.448
0,sz150019,0.953,0.986,0.986,1506537.0,754796.0,751741.0,0.949,968.0,0.946,137.0,0.945,675.0,0.943,400.0,0.94,43.0,0.953,446.0,0.954,927.0,0.955,2633.0,0.957,151.0,0.958,700.0,11.0,20150826111139,-0.033,-3.35,0.993,0.897,0.945,1506537.0,14262.0,0.0,0.0,9.74,0.0,0.0,0.0,-1.0,-1.0,0.044,0.458,0.05,0.448
0,sz150019,0.954,0.986,0.986,1508458.0,756362.0,752096.0,0.954,400.0,0.953,103.0,0.949,948.0,0.948,57.0,0.945,625.0,0.955,2628.0,0.957,151.0,0.958,700.0,0.959,424.0,0.96,4700.0,11.0,20150826111151,-0.032,-3.25,0.993,0.897,0.945,1508458.0,14281.0,0.0,0.0,9.74,0.0,0.0,0.0,-1.0,-1.0,0.043,0.458,0.05,0.448
0,sz150019,0.955,0.986,0.986,1511086.0,758990.0,752096.0,0.955,582.0,0.954,400.0,0.953,123.0,0.949,30.0,0.948,57.0,0.957,151.0,0.958,700.0,0.959,424.0,0.96,4700.0,0.961,1.0,11.0,20150826111203,-0.031,-3.14,0.993,0.897,0.955,1511086.0,14306.0,0.0,0.0,9.74,0.0,0.0,0.0,-1.0,-1.0,0.043,0.459,0.05,0.447
0,sz150019,0.96,0.986,0.986,1518300.0,765940.0,752360.0,0.96,3697.0,0.957,284.0,0.955,364.0,0.954,400.0,0.953,190.0,0.961,1.0,0.962,18.0,0.963,1.0,0.964,50.0,0.965,1066.0,11.0,20150826111218,-0.026,-2.64,0.993,0.897,0.955,1518300.0,14375.0,0.0,0.0,9.74,0.0,0.0,0.0,-1.0,-1.0,0.043,0.461,0.05,0.445
0,sz150019,0.961,0.986,0.986,1519151.0,765941.0,753210.0,0.961,725.0,0.96,2847.0,0.959,81.0,0.958,413.0,0.957,31.0,0.962,18.0,0.963,1.0,0.964,50.0,0.965,1066.0,0.966,63.0,11.0,20150826111230,-0.025,-2.54,0.993,0.897,0.955,1519151.0,14383.0,0.0,0.0,9.74,0.0,0.0,0.0,-1.0,-1.0,0.043,0.461,0.05,0.446
0,sz150019,0.962,0.986,0.986,1519517.0,766009.0,753508.0,0.963,9.0,0.962,574.0,0.961,821.0,0.96,2847.0,0.958,413.0,0.964,186.0,0.965,966.0,0.966,63.0,0.967,56.0,0.968,1250.0,11.0,20150826111245,-0.024,-2.43,0.993,0.897,0.955,1519517.0,14387.0,0.0,0.0,9.74,0.0,0.0,0.0,-1.0,-1.0,0.043,0.461,0.05,0.446
0,sz150019,0.963,0.986,0.986,1519914.0,766175.0,753739.0,0.962,750.0,0.961,184.0,0.96,2847.0,0.958,413.0,0.957,10.0,0.963,298.0,0.964,1130.0,0.965,966.0,0.966,63.0,0.967,56.0,11.0,20150826111257,-0.023,-2.33,0.993,0.897,0.955,1519914.0,14390.0,0.0,0.0,9.74,0.0,0.0,0.0,-1.0,-1.0,0.043,0.461,0.05,0.446
0,sz150019,0.963,0.986,0.986,1522775.0,768430.0,754344.0,0.96,2831.0,0.957,10.0,0.955,214.0,0.954,400.0,0.953,53.0,0.962,47.0,0.963,500.0,0.964,180.0,0.965,1166.0,0.966,63.0,11.0,20150826111309,-0.023,-2.33,0.993,0.897,0.963,1522775.0,14418.0,0.0,0.0,9.74,0.0,0.0,0.0,-1.0,-1.0,0.043,0.462,0.05,0.445
0,sz150019,0.957,0.986,0.986,1525681.0,768440.0,757240.0,0.955,314.0,0.954,400.0,0.953,53.0,0.95,100.0,0.949,30.0,0.957,1296.0,0.959,656.0,0.96,1454.0,0.961,124.0,0.962,1934.0,11.0,20150826111324,-0.029,-2.94,0.993,0.897,0.963,1525681.0,14446.0,0.0,0.0,9.74,0.0,0.0,0.0,-1.0,-1.0,0.043,0.461,0.05,0.446
0,sz150019,0.954,0.986,0.986,1526369.0,768784.0,757584.0,0.954,350.0,0.953,53.0,0.95,100.0,0.949,30.0,0.948,57.0,0.955,5.0,0.957,972.0,0.959,656.0,0.96,1574.0,0.961,124.0,11.0,20150826111336,-0.032,-3.25,0.993,0.897,0.963,1526369.0,14452.0,0.0,0.0,9.74,0.0,0.0,0.0,-1.0,-1.0,0.043,0.461,0.05,0.446
0,sz150019,0.954,0.986,0.986,1526799.0,768852.0,757948.0,0.953,53.0,0.95,100.0,0.949,35.0,0.948,57.0,0.945,208.0,0.954,2343.0,0.955,981.0,0.956,50.0,0.957,1530.0,0.96,1574.0,11.0,20150826111351,-0.032,-3.25,0.993,0.897,0.963,1526799.0,14457.0,0.0,0.0,9.74,0.0,0.0,0.0,-1.0,-1.0,0.043,0.461,0.05,0.447
0,sz150019,0.95,0.986,0.986,1526962.0,768852.0,758110.0,0.949,35.0,0.948,57.0,0.945,208.0,0.943,201.0,0.941,1.0,0.95,120.0,0.953,1097.0,0.954,8052.0,0.955,775.0,0.956,50.0,11.0,20150826111403,-0.036,-3.65,0.993,0.897,0.953,1526962.0,14458.0,0.0,0.0,9.74,0.0,0.0,0.0,-1.0,-1.0,0.043,0.461,0.05,0.447
0,sz150019,0.949,0.986,0.986,1527323.0,769178.0,758146.0,0.948,57.0,0.945,58.0,0.943,201.0,0.941,1.0,0.94,114.0,0.949,900.0,0.95,306.0,0.952,200.0,0.953,2336.0,0.954,1352.0,11.0,20150826111415,-0.037,-3.75,0.993,0.897,0.953,1527323.0,14462.0,0.0,0.0,9.74,0.0,0.0,0.0,-1.0,-1.0,0.043,0.461,0.05,0.446
0,sz150019,0.948,0.986,0.986,1527499.0,769334.0,758164.0,0.945,58.0,0.943,201.0,0.941,1.0,0.94,195.0,0.939,1.0,0.948,124.0,0.949,1083.0,0.95,250.0,0.952,800.0,0.953,1750.0,11.0,20150826111430,-0.038,-3.85,0.993,0.897,0.953,1527499.0,14463.0,0.0,0.0,9.74,0.0,0.0,0.0,-1.0,-1.0,0.043,0.461,0.05,0.446
0,sz150019,0.945,0.986,0.986,1527762.0,769490.0,758272.0,0.943,202.0,0.941,1.0,0.94,301.0,0.939,1.0,0.938,100.0,0.945,591.0,0.947,490.0,0.948,6455.0,0.949,300.0,0.95,205.0,11.0,20150826111445,-0.041,-4.16,0.993,0.897,0.953,1527762.0,14466.0,0.0,0.0,9.74,0.0,0.0,0.0,-1.0,-1.0,0.043,0.461,0.05,0.446
0,sz150019,0.943,0.986,0.986,1528012.0,769690.0,758322.0,0.943,152.0,0.941,1.0,0.94,301.0,0.939,1.0,0.938,100.0,0.945,1541.0,0.946,100.0,0.947,990.0,0.948,2745.0,0.949,300.0,11.0,20150826111457,-0.043,-4.36,0.993,0.897,0.953,1528012.0,14468.0,0.0,0.0,9.74,0.0,0.0,0.0,-1.0,-1.0,0.043,0.461,0.05,0.446
0,sz150019,0.943,0.986,0.986,1528164.0,769824.0,758340.0,0.941,1.0,0.94,195.0,0.939,1.0,0.938,100.0,0.937,1.0,0.943,5705.0,0.945,1361.0,0.946,100.0,0.947,490.0,0.948,2635.0,11.0,20150826111512,-0.043,-4.36,0.993,0.897,0.943,1528164.0,14470.0,0.0,0.0,9.74,0.0,0.0,0.0,-1.0,-1.0,0.043,0.461,0.05,0.446
0,sz150019,0.943,0.986,0.986,1530681.0,770882.0,759800.0,0.941,411.0,0.94,195.0,0.939,1.0,0.938,1000.0,0.937,1.0,0.943,4598.0,0.945,970.0,0.948,3610.0,0.949,2000.0,0.95,1350.0,11.0,20150826111524,-0.043,-4.36,0.993,0.897,0.943,1530681.0,14493.0,0.0,0.0,9.74,0.0,0.0,0.0,-1.0,-1.0,0.043,0.461,0.05,0.447
0,sz150019,0.943,0.986,0.986,1531414.0,771114.0,760300.0,0.94,25.0,0.939,1.0,0.938,1000.0,0.937,1.0,0.936,14.0,0.943,822.0,0.945,970.0,0.948,2600.0,0.949,2000.0,0.95,1360.0,11.0,20150826111539,-0.043,-4.36,0.993,0.897,0.943,1531414.0,14500.0,0.0,0.0,9.74,0.0,0.0,0.0,-1.0,-1.0,0.043,0.461,0.05,0.447
0,sz150019,0.941,0.986,0.986,1532019.0,771600.0,760418.0,0.941,594.0,0.94,715.0,0.939,21.0,0.938,1000.0,0.937,1.0,0.943,3699.0,0.945,970.0,0.948,1600.0,0.949,2300.0,0.95,1160.0,11.0,20150826111554,-0.045,-4.56,0.993,0.897,0.943,1532019.0,14506.0,0.0,0.0,9.74,0.0,0.0,0.0,-1.0,-1.0,0.043,0.461,0.05,0.447
0,sz150019,0.943,0.986,0.986,1537576.0,775440.0,762136.0,0.942,502.0,0.941,886.0,0.94,715.0,0.939,331.0,0.938,100.0,0.943,1953.0,0.945,870.0,0.948,1100.0,0.949,2300.0,0.95,1160.0,11.0,20150826111606,-0.043,-4.36,0.993,0.897,0.943,1537576.0,14558.0,0.0,0.0,9.74,0.0,0.0,0.0,-1.0,-1.0,0.043,0.462,0.049,0.446
0,sz150019,0.945,0.986,0.986,1540139.0,777696.0,762444.0,0.943,100.0,0.942,239.0,0.941,844.0,0.94,190.0,0.939,413.0,0.945,867.0,0.948,1100.0,0.949,2300.0,0.95,1160.0,0.952,100.0,11.0,20150826111622,-0.041,-4.16,0.993,0.897,0.943,1540139.0,14582.0,0.0,0.0,9.74,0.0,0.0,0.0,-1.0,-1.0,0.043,0.463,0.049,0.446
0,sz150019,0.943,0.986,0.986,1540239.0,777696.0,762544.0,0.944,823.0,0.943,3115.0,0.942,316.0,0.941,994.0,0.94,212.0,0.945,867.0,0.948,1100.0,0.949,2300.0,0.95,1280.0,0.952,100.0,11.0,20150826111637,-0.043,-4.36,0.993,0.897,0.943,1540239.0,14583.0,0.0,0.0,9.74,0.0,0.0,0.0,-1.0,-1.0,0.043,0.463,0.049,0.446
0,sz150019,0.948,0.986,0.986,1541220.0,778676.0,762544.0,0.945,414.0,0.944,520.0,0.943,3118.0,0.942,77.0,0.941,994.0,0.948,986.0,0.949,2300.0,0.95,1280.0,0.952,100.0,0.953,101.0,11.0,20150826111649,-0.038,-3.85,0.993,0.897,0.943,1541220.0,14593.0,0.0,0.0,9.74,0.0,0.0,0.0,-1.0,-1.0,0.043,0.463,0.049,0.445
0,sz150019,0.945,0.986,0.986,1542306.0,779662.0,762644.0,0.945,1028.0,0.944,520.0,0.943,3096.0,0.941,994.0,0.94,182.0,0.949,2300.0,0.95,1280.0,0.952,100.0,0.953,101.0,0.954,300.0,11.0,20150826111704,-0.041,-4.16,0.993,0.897,0.943,1542306.0,14603.0,0.0,0.0,9.74,0.0,0.0,0.0,-1.0,-1.0,0.042,0.463,0.049,0.445
0,sz150019,0.945,0.986,0.986,1542506.0,779832.0,762674.0,0.945,1877.0,0.943,2032.0,0.941,494.0,0.94,182.0,0.939,381.0,0.949,2160.0,0.95,1280.0,0.952,100.0,0.953,101.0,0.954,380.0,11.0,20150826111718,-0.041,-4.16,0.993,0.897,0.945,1542506.0,14605.0,0.0,0.0,9.74,0.0,0.0,0.0,-1.0,-1.0,0.042,0.463,0.049,0.445
0,sz150019,0.946,0.986,0.986,1542866.0,779882.0,762984.0,0.946,832.0,0.945,1775.0,0.943,623.0,0.941,494.0,0.94,282.0,0.949,2185.0,0.95,1280.0,0.952,100.0,0.953,101.0,0.954,380.0,11.0,20150826111734,-0.04,-4.06,0.993,0.897,0.945,1542866.0,14608.0,0.0,0.0,9.74,0.0,0.0,0.0,-1.0,-1.0,0.042,0.463,0.049,0.445
0,sz150019,0.946,0.986,0.986,1543086.0,780002.0,763084.0,0.946,732.0,0.945,1775.0,0.943,623.0,0.941,494.0,0.94,252.0,0.948,663.0,0.949,2185.0,0.95,1280.0,0.952,100.0,0.953,101.0,11.0,20150826111745,-0.04,-4.06,0.993,0.897,0.945,1543086.0,14610.0,0.0,0.0,9.74,0.0,0.0,0.0,-1.0,-1.0,0.042,0.463,0.049,0.445
0,sz150019,0.948,0.986,0.986,1543928.0,780666.0,763262.0,0.948,39.0,0.946,670.0,0.945,1775.0,0.943,520.0,0.941,494.0,0.949,2185.0,0.95,1280.0,0.952,100.0,0.953,101.0,0.954,300.0,11.0,20150826111800,-0.038,-3.85,0.993,0.897,0.945,1543928.0,14618.0,0.0,0.0,9.74,0.0,0.0,0.0,-1.0,-1.0,0.042,0.463,0.049,0.445
0,sz150019,0.947,0.986,0.986,1543981.0,780678.0,763302.0,0.948,100.0,0.947,286.0,0.946,670.0,0.945,2125.0,0.943,520.0,0.949,2185.0,0.95,1280.0,0.952,100.0,0.953,101.0,0.954,300.0,11.0,20150826111812,-0.039,-3.96,0.993,0.897,0.948,1543981.0,14619.0,0.0,0.0,9.74,0.0,0.0,0.0,-1.0,-1.0,0.042,0.463,0.049,0.445
0,sz150019,0.949,0.986,0.986,1544081.0,780778.0,763302.0,0.948,100.0,0.947,476.0,0.946,680.0,0.945,2125.0,0.943,520.0,0.949,2085.0,0.95,1280.0,0.952,100.0,0.953,101.0,0.954,300.0,11.0,20150826111827,-0.037,-3.75,0.993,0.897,0.948,1544081.0,14620.0,0.0,0.0,9.74,0.0,0.0,0.0,-1.0,-1.0,0.042,0.463,0.049,0.445
0,sz150019,0.949,0.986,0.986,1544630.0,781308.0,763322.0,0.948,630.0,0.947,446.0,0.946,680.0,0.945,1457.0,0.943,520.0,0.949,1556.0,0.95,1280.0,0.952,100.0,0.953,101.0,0.954,300.0,11.0,20150826111845,-0.037,-3.75,0.993,0.897,0.948,1544630.0,14625.0,0.0,0.0,9.74,0.0,0.0,0.0,-1.0,-1.0,0.042,0.464,0.049,0.445
0,sz150019,0.949,0.986,0.986,1545906.0,782584.0,763322.0,0.948,520.0,0.947,346.0,0.946,2680.0,0.945,1457.0,0.943,520.0,0.949,310.0,0.95,1350.0,0.952,100.0,0.953,101.0,0.954,300.0,11.0,20150826111857,-0.037,-3.75,0.993,0.897,0.948,1545906.0,14637.0,0.0,0.0,9.74,0.0,0.0,0.0,-1.0,-1.0,0.042,0.464,0.049,0.444
0,sz150019,0.949,0.986,0.986,1546226.0,782904.0,763322.0,0.949,1362.0,0.948,520.0,0.947,346.0,0.946,2680.0,0.945,1457.0,0.95,1350.0,0.952,100.0,0.953,101.0,0.954,300.0,0.955,5116.0,11.0,20150826111913,-0.037,-3.75,0.993,0.897,0.949,1546226.0,14640.0,0.0,0.0,9.74,0.0,0.0,0.0,-1.0,-1.0,0.042,0.464,0.049,0.444
0,sz150019,0.95,0.986,0.986,1547587.0,784259.0,763328.0,0.95,89.0,0.949,1362.0,0.948,520.0,0.947,346.0,0.946,2680.0,0.952,100.0,0.953,201.0,0.954,300.0,0.955,5116.0,0.957,1351.0,11.0,20150826111927,-0.036,-3.65,0.993,0.897,0.949,1547587.0,14653.0,0.0,0.0,9.74,0.0,0.0,0.0,-1.0,-1.0,0.042,0.465,0.049,0.444
0,sz150019,0.952,0.986,0.986,1548359.0,784309.0,764050.0,0.95,519.0,0.949,679.0,0.948,520.0,0.947,336.0,0.946,2260.0,0.952,100.0,0.953,201.0,0.954,383.0,0.955,5116.0,0.957,1351.0,11.0,20150826111942,-0.034,-3.45,0.993,0.897,0.949,1548359.0,14660.0,0.0,0.0,9.74,0.0,0.0,0.0,-1.0,-1.0,0.042,0.464,0.049,0.444
0,sz150019,0.952,0.986,0.986,1548459.0,784409.0,764050.0,0.952,100.0,0.95,869.0,0.949,679.0,0.948,520.0,0.947,286.0,0.953,201.0,0.954,383.0,0.955,5116.0,0.957,1351.0,0.958,353.0,11.0,20150826111955,-0.034,-3.45,0.993,0.897,0.949,1548459.0,14661.0,0.0,0.0,9.74,0.0,0.0,0.0,-1.0,-1.0,0.042,0.464,0.049,0.444
0,sz150019,0.954,0.986,0.986,1549060.0,785010.0,764050.0,0.953,199.0,0.952,636.0,0.95,869.0,0.949,679.0,0.948,520.0,0.954,33.0,0.955,5116.0,0.957,1351.0,0.958,353.0,0.959,131.0,11.0,20150826112007,-0.032,-3.25,0.993,0.897,0.953,1549060.0,14667.0,0.0,0.0,9.74,0.0,0.0,0.0,-1.0,-1.0,0.042,0.465,0.049,0.444
0,sz150019,0.955,0.986,0.986,1549572.0,785493.0,764079.0,0.954,444.0,0.953,162.0,0.952,688.0,0.951,2000.0,0.95,924.0,0.955,4666.0,0.957,1351.0,0.958,14.0,0.959,131.0,0.96,278.0,11.0,20150826112025,-0.031,-3.14,0.993,0.897,0.953,1549572.0,14672.0,0.0,0.0,9.74,0.0,0.0,0.0,-1.0,-1.0,0.042,0.465,0.049,0.443
0,sz150019,0.955,0.986,0.986,1555254.0,791175.0,764079.0,0.955,2120.0,0.954,40.0,0.953,253.0,0.952,436.0,0.951,2000.0,0.956,200.0,0.957,1351.0,0.958,14.0,0.959,101.0,0.96,278.0,11.0,20150826112039,-0.031,-3.14,0.993,0.897,0.953,1555254.0,14726.0,0.0,0.0,9.74,0.0,0.0,0.0,-1.0,-1.0,0.042,0.467,0.049,0.442
0,sz150019,0.961,0.986,0.986,1557248.0,793169.0,764079.0,0.96,1055.0,0.956,898.0,0.955,4361.0,0.954,40.0,0.953,252.0,0.961,51.0,0.962,103.0,0.963,759.0,0.964,116.0,0.965,1839.0,11.0,20150826112054,-0.025,-2.54,0.993,0.897,0.953,1557248.0,14745.0,0.0,0.0,9.74,0.0,0.0,0.0,-1.0,-1.0,0.042,0.468,0.049,0.442
0,sz150019,0.966,0.986,0.986,1559937.0,795858.0,764079.0,0.966,177.0,0.965,2393.0,0.963,1014.0,0.961,1349.0,0.96,1762.0,0.967,56.0,0.968,1250.0,0.969,113.0,0.97,1717.0,0.971,101.0,11.0,20150826112110,-0.02,-2.03,0.993,0.897,0.965,1559937.0,14771.0,0.0,0.0,9.74,0.0,0.0,0.0,-1.0,-1.0,0.042,0.468,0.049,0.441
0,sz150019,0.968,0.986,0.986,1561263.0,796698.0,764565.0,0.968,1045.0,0.967,100.0,0.966,972.0,0.965,3151.0,0.961,550.0,0.969,113.0,0.97,1717.0,0.971,101.0,0.972,10242.0,0.973,5836.0,11.0,20150826112122,-0.018,-1.83,0.993,0.897,0.965,1561263.0,14784.0,0.0,0.0,9.74,0.0,0.0,0.0,-1.0,-1.0,0.042,0.468,0.049,0.441
0,sz150019,0.972,0.986,0.986,1565261.0,798866.0,766395.0,0.971,1607.0,0.97,555.0,0.969,163.0,0.968,2022.0,0.967,300.0,0.972,9192.0,0.973,5816.0,0.974,14.0,0.975,1348.0,0.976,350.0,11.0,20150826112137,-0.014,-1.42,0.993,0.897,0.965,1565261.0,14823.0,0.0,0.0,9.74,0.0,0.0,0.0,-1.0,-1.0,0.042,0.469,0.049,0.441
0,sz150019,0.973,0.986,0.986,1576305.0,808820.0,767485.0,0.972,3483.0,0.971,1577.0,0.97,85.0,0.969,163.0,0.968,1620.0,0.973,4534.0,0.974,469.0,0.975,1348.0,0.976,350.0,0.977,101.0,11.0,20150826112154,-0.013,-1.32,0.993,0.897,0.965,1576305.0,14930.0,0.0,0.0,9.74,0.0,0.0,0.0,-1.0,-1.0,0.042,0.472,0.048,0.438
0,sz150019,0.972,0.986,0.986,1581407.0,812939.0,768468.0,0.973,5.0,0.972,3396.0,0.971,1074.0,0.97,85.0,0.969,163.0,0.974,351.0,0.975,1348.0,0.976,350.0,0.977,101.0,0.978,103.0,11.0,20150826112207,-0.014,-1.42,0.993,0.897,0.973,1581407.0,14980.0,0.0,0.0,9.74,0.0,0.0,0.0,-1.0,-1.0,0.041,0.473,0.048,0.438
0,sz150019,0.975,0.986,0.986,1583957.0,815002.0,768955.0,0.975,181.0,0.974,782.0,0.973,3479.0,0.972,3216.0,0.971,1074.0,0.976,350.0,0.977,101.0,0.978,103.0,0.979,1.0,0.98,2632.0,11.0,20150826112224,-0.011,-1.12,0.993,0.897,0.973,1583957.0,15005.0,0.0,0.0,9.74,0.0,0.0,0.0,-1.0,-1.0,0.041,0.474,0.048,0.437
0,sz150019,0.977,0.986,0.986,1585848.0,815411.0,770437.0,0.977,2578.0,0.976,669.0,0.975,373.0,0.974,762.0,0.973,1905.0,0.978,103.0,0.979,11.0,0.98,2632.0,0.981,101.0,0.982,702.0,11.0,20150826112236,-0.009,-0.91,0.993,0.897,0.973,1585848.0,15023.0,0.0,0.0,9.74,0.0,0.0,0.0,-1.0,-1.0,0.041,0.473,0.048,0.437
0,sz150019,0.98,0.986,0.986,1588631.0,817694.0,770937.0,0.979,243.0,0.978,2798.0,0.977,2628.0,0.976,6.0,0.975,368.0,0.98,551.0,0.981,101.0,0.982,702.0,0.983,339.0,0.984,150.0,11.0,20150826112255,-0.006,-0.61,0.993,0.897,0.973,1588631.0,15050.0,0.0,0.0,9.74,0.0,0.0,0.0,-1.0,-1.0,0.041,0.474,0.048,0.437
0,sz150019,0.984,0.986,0.986,1594054.0,822847.0,771207.0,0.985,1104.0,0.984,88.0,0.983,826.0,0.982,269.0,0.981,820.0,0.986,7528.0,0.987,2.0,0.988,1014.0,0.989,7695.0,0.99,11393.0,11.0,20150826112310,-0.002,-0.2,0.993,0.897,0.98,1594054.0,15104.0,0.0,0.0,9.74,0.0,0.0,0.0,-1.0,-1.0,0.041,0.476,0.048,0.436
0,sz150019,0.984,0.986,0.986,1596508.0,823137.0,773371.0,0.984,56.0,0.983,780.0,0.982,269.0,0.981,620.0,0.98,382.0,0.985,992.0,0.986,6720.0,0.987,7.0,0.988,1142.0,0.989,879.0,11.0,20150826112325,-0.002,-0.2,0.993,0.897,0.98,1596508.0,15128.0,0.0,0.0,9.74,0.0,0.0,0.0,-1.0,-1.0,0.041,0.475,0.048,0.437
0,sz150019,0.984,0.986,0.986,1599247.0,825019.0,774228.0,0.984,58.0,0.983,95.0,0.982,269.0,0.981,110.0,0.98,179.0,0.985,3411.0,0.986,6720.0,0.987,118.0,0.988,1142.0,0.989,939.0,11.0,20150826112337,-0.002,-0.2,0.993,0.897,0.98,1599247.0,15155.0,0.0,0.0,9.74,0.0,0.0,0.0,-1.0,-1.0,0.041,0.475,0.047,0.436
0,sz150019,0.984,0.986,0.986,1602030.0,826279.0,775751.0,0.984,578.0,0.982,169.0,0.981,30.0,0.98,179.0,0.979,145.0,0.985,1804.0,0.986,6838.0,0.987,118.0,0.988,1142.0,0.989,939.0,11.0,20150826112354,-0.002,-0.2,0.993,0.897,0.98,1602030.0,15182.0,0.0,0.0,9.74,0.0,0.0,0.0,-1.0,-1.0,0.041,0.475,0.047,0.437
0,sz150019,0.985,0.986,0.986,1605059.0,827517.0,777542.0,0.985,7829.0,0.983,244.0,0.982,373.0,0.981,30.0,0.98,339.0,0.986,6838.0,0.987,148.0,0.988,1142.0,0.989,1039.0,0.99,11294.0,11.0,20150826112410,-0.001,-0.1,0.993,0.897,0.982,1605059.0,15212.0,0.0,0.0,9.74,0.0,0.0,0.0,-1.0,-1.0,0.041,0.475,0.047,0.437
0,sz150019,0.986,0.986,0.986,1614852.0,833118.0,781734.0,0.985,1967.0,0.983,100.0,0.982,373.0,0.98,339.0,0.979,145.0,0.986,3457.0,0.987,148.0,0.988,1272.0,0.989,1240.0,0.99,11794.0,11.0,20150826112428,0.0,0.0,0.993,0.897,0.982,1614852.0,15309.0,0.0,0.0,9.74,0.0,0.0,0.0,-1.0,-1.0,0.041,0.476,0.047,0.437
0,sz150019,0.985,0.986,0.986,1619651.0,835358.0,784293.0,0.983,100.0,0.982,373.0,0.98,339.0,0.979,145.0,0.978,1388.0,0.985,2280.0,0.986,2083.0,0.987,173.0,0.988,1272.0,0.989,1390.0,11.0,20150826112443,-0.001,-0.1,0.993,0.897,0.982,1619651.0,15356.0,0.0,0.0,9.74,0.0,0.0,0.0,-1.0,-1.0,0.04,0.476,0.047,0.437
0,sz150019,0.98,0.986,0.986,1620672.0,835464.0,785208.0,0.979,145.0,0.978,388.0,0.977,2456.0,0.976,6.0,0.975,368.0,0.98,1501.0,0.982,230.0,0.983,1487.0,0.984,170.0,0.985,3516.0,11.0,20150826112458,-0.006,-0.61,0.993,0.897,0.982,1620672.0,15366.0,0.0,0.0,9.74,0.0,0.0,0.0,-1.0,-1.0,0.04,0.476,0.047,0.437
0,sz150019,0.979,0.986,0.986,1620933.0,835585.0,785348.0,0.978,388.0,0.977,2456.0,0.976,6.0,0.975,368.0,0.974,420.0,0.979,362.0,0.98,2079.0,0.982,460.0,0.983,1228.0,0.984,190.0,11.0,20150826112510,-0.007,-0.71,0.993,0.897,0.98,1620933.0,15368.0,0.0,0.0,9.74,0.0,0.0,0.0,-1.0,-1.0,0.04,0.476,0.047,0.437
0,sz150019,0.977,0.986,0.986,1622745.0,835589.0,787156.0,0.977,1446.0,0.976,6.0,0.975,368.0,0.974,420.0,0.973,350.0,0.978,1534.0,0.979,1745.0,0.98,2362.0,0.982,460.0,0.983,1428.0,11.0,20150826112528,-0.009,-0.91,0.993,0.897,0.98,1622745.0,15386.0,0.0,0.0,9.74,0.0,0.0,0.0,-1.0,-1.0,0.04,0.475,0.047,0.438
0,sz150019,0.976,0.986,0.986,1625857.0,836893.0,788964.0,0.975,362.0,0.974,420.0,0.973,250.0,0.972,270.0,0.971,1074.0,0.976,535.0,0.977,1151.0,0.978,275.0,0.979,721.0,0.98,2369.0,11.0,20150826112543,-0.01,-1.01,0.993,0.897,0.98,1625857.0,15417.0,0.0,0.0,9.74,0.0,0.0,0.0,-1.0,-1.0,0.04,0.475,0.047,0.438
0,sz150019,0.974,0.986,0.986,1627166.0,837756.0,789410.0,0.974,86.0,0.973,250.0,0.972,300.0,0.971,1074.0,0.97,224.0,0.975,259.0,0.976,955.0,0.977,1236.0,0.978,543.0,0.979,660.0,11.0,20150826112558,-0.012,-1.22,0.993,0.897,0.98,1627166.0,15429.0,0.0,0.0,9.74,0.0,0.0,0.0,-1.0,-1.0,0.04,0.475,0.047,0.438
0,sz150019,0.974,0.986,0.986,1627504.0,838008.0,789496.0,0.973,550.0,0.972,400.0,0.971,1074.0,0.97,224.0,0.969,103.0,0.974,1871.0,0.975,786.0,0.976,955.0,0.977,505.0,0.978,543.0,11.0,20150826112613,-0.012,-1.22,0.993,0.897,0.974,1627504.0,15433.0,0.0,0.0,9.74,0.0,0.0,0.0,-1.0,-1.0,0.04,0.475,0.047,0.438
0,sz150019,0.973,0.986,0.986,1629202.0,839446.0,789756.0,0.972,1706.0,0.971,1074.0,0.97,224.0,0.969,103.0,0.968,795.0,0.973,2351.0,0.974,915.0,0.975,958.0,0.976,905.0,0.977,505.0,11.0,20150826112631,-0.013,-1.32,0.993,0.897,0.974,1629202.0,15449.0,0.0,0.0,9.74,0.0,0.0,0.0,-1.0,-1.0,0.04,0.475,0.047,0.438
0,sz150019,0.973,0.986,0.986,1632557.0,842513.0,790044.0,0.972,98.0,0.971,74.0,0.97,222.0,0.969,103.0,0.968,795.0,0.973,654.0,0.974,805.0,0.975,746.0,0.976,905.0,0.977,505.0,11.0,20150826112646,-0.013,-1.32,0.993,0.897,0.974,1632557.0,15482.0,0.0,0.0,9.74,0.0,0.0,0.0,-1.0,-1.0,0.04,0.476,0.047,0.437
0,sz150019,0.97,0.986,0.986,1633076.0,842628.0,790448.0,0.969,133.0,0.968,775.0,0.965,190.0,0.964,98.0,0.961,150.0,0.97,545.0,0.972,3237.0,0.973,1016.0,0.974,890.0,0.975,746.0,11.0,20150826112701,-0.016,-1.62,0.993,0.897,0.97,1633076.0,15487.0,0.0,0.0,9.74,0.0,0.0,0.0,-1.0,-1.0,0.04,0.476,0.047,0.437
0,sz150019,0.968,0.986,0.986,1633938.0,842824.0,791114.0,0.968,528.0,0.965,190.0,0.964,98.0,0.961,150.0,0.96,200.0,0.97,483.0,0.971,362.0,0.972,16790.0,0.973,1086.0,0.974,870.0,11.0,20150826112716,-0.018,-1.83,0.993,0.897,0.97,1633938.0,15495.0,0.0,0.0,9.74,0.0,0.0,0.0,-1.0,-1.0,0.04,0.476,0.046,0.437
0,sz150019,0.968,0.986,0.986,1634593.0,843256.0,791336.0,0.968,408.0,0.965,190.0,0.964,98.0,0.961,150.0,0.96,200.0,0.97,937.0,0.971,367.0,0.972,16455.0,0.973,1086.0,0.974,600.0,11.0,20150826112731,-0.018,-1.83,0.993,0.897,0.97,1634593.0,15502.0,0.0,0.0,9.74,0.0,0.0,0.0,-1.0,-1.0,0.04,0.476,0.046,0.437
0,sz150019,0.97,0.986,0.986,1638051.0,846568.0,791484.0,0.968,22.0,0.965,14.0,0.964,98.0,0.961,150.0,0.96,200.0,0.97,284.0,0.971,317.0,0.972,3065.0,0.973,886.0,0.974,515.0,11.0,20150826112746,-0.016,-1.62,0.993,0.897,0.97,1638051.0,15535.0,0.0,0.0,9.74,0.0,0.0,0.0,-1.0,-1.0,0.04,0.477,0.046,0.437
0,sz150019,0.972,0.986,0.986,1640679.0,848894.0,791784.0,0.97,963.0,0.968,1122.0,0.965,160.0,0.963,30.0,0.961,150.0,0.972,2254.0,0.973,704.0,0.974,363.0,0.975,237.0,0.976,20.0,11.0,20150826112804,-0.014,-1.42,0.993,0.897,0.97,1640679.0,15561.0,0.0,0.0,9.74,0.0,0.0,0.0,-1.0,-1.0,0.04,0.478,0.046,0.436
0,sz150019,0.972,0.986,0.986,1643103.0,851278.0,791824.0,0.972,3512.0,0.971,727.0,0.97,1065.0,0.969,100.0,0.968,1132.0,0.973,684.0,0.974,343.0,0.975,237.0,0.976,20.0,0.977,262.0,11.0,20150826112819,-0.014,-1.42,0.993,0.897,0.97,1643103.0,15584.0,0.0,0.0,9.74,0.0,0.0,0.0,-1.0,-1.0,0.04,0.479,0.046,0.435
0,sz150019,0.972,0.986,0.986,1644356.0,851948.0,792408.0,0.972,4421.0,0.971,430.0,0.97,1263.0,0.969,100.0,0.968,1032.0,0.974,6.0,0.975,210.0,0.976,20.0,0.977,262.0,0.978,1483.0,11.0,20150826112837,-0.014,-1.42,0.993,0.897,0.97,1644356.0,15596.0,0.0,0.0,9.74,0.0,0.0,0.0,-1.0,-1.0,0.04,0.479,0.046,0.435
0,sz150019,0.975,0.986,0.986,1644905.0,852428.0,792478.0,0.975,200.0,0.973,192.0,0.972,3854.0,0.971,430.0,0.97,1263.0,0.976,20.0,0.977,262.0,0.978,1483.0,0.979,150.0,0.98,1869.0,11.0,20150826112852,-0.011,-1.12,0.993,0.897,0.97,1644905.0,15602.0,0.0,0.0,9.74,0.0,0.0,0.0,-1.0,-1.0,0.04,0.479,0.046,0.435
0,sz150019,0.976,0.986,0.986,1645325.0,852468.0,792858.0,0.976,357.0,0.975,11593.0,0.974,535.0,0.973,432.0,0.972,3855.0,0.977,50.0,0.978,483.0,0.979,150.0,0.98,843.0,0.981,230.0,11.0,20150826112907,-0.01,-1.01,0.993,0.897,0.975,1645325.0,15606.0,0.0,0.0,9.74,0.0,0.0,0.0,-1.0,-1.0,0.04,0.479,0.046,0.435
0,sz150019,0.978,0.986,0.986,1646278.0,853400.0,792878.0,0.978,761.0,0.977,658.0,0.976,279.0,0.975,10638.0,0.974,485.0,0.979,150.0,0.98,913.0,0.981,230.0,0.982,19.0,0.983,140.0,11.0,20150826112922,-0.008,-0.81,0.993,0.897,0.975,1646278.0,15615.0,0.0,0.0,9.74,0.0,0.0,0.0,-1.0,-1.0,0.04,0.479,0.046,0.435
0,sz150019,0.979,0.986,0.986,1647812.0,854364.0,793448.0,0.98,165.0,0.979,100.0,0.978,629.0,0.976,102.0,0.975,10638.0,0.981,230.0,0.982,19.0,0.983,140.0,0.984,60.0,0.985,487.0,11.0,20150826112940,-0.007,-0.71,0.993,0.897,0.975,1647812.0,15630.0,0.0,0.0,9.74,0.0,0.0,0.0,-1.0,-1.0,0.04,0.479,0.046,0.435
0,sz150019,0.984,0.986,0.986,1648851.0,855162.0,793688.0,0.981,651.0,0.98,182.0,0.979,100.0,0.978,539.0,0.976,102.0,0.982,3280.0,0.985,387.0,0.986,2336.0,0.987,32.0,0.988,1232.0,11.0,20150826112958,-0.002,-0.2,0.993,0.897,0.975,1648851.0,15640.0,0.0,0.0,9.74,0.0,0.0,0.0,-1.0,-1.0,0.04,0.48,0.046,0.435
0,sz150019,0.982,0.986,0.986,1649426.0,855738.0,793688.0,0.981,651.0,0.98,182.0,0.979,100.0,0.978,539.0,0.976,102.0,0.982,2705.0,0.985,387.0,0.986,2336.0,0.987,32.0,0.988,1232.0,11.0,20150826113007,-0.004,-0.41,0.993,0.897,0.984,1649426.0,15646.0,0.0,0.0,9.74,0.0,0.0,0.0,-1.0,-1.0,0.04,0.48,0.046,0.435
0,sz150019,0.982,0.986,0.986,1649426.0,855738.0,793688.0,0.981,651.0,0.98,182.0,0.979,100.0,0.978,539.0,0.976,102.0,0.982,2705.0,0.985,387.0,0.986,2336.0,0.987,32.0,0.988,1232.0,11.0,20150826113022,-0.004,-0.41,0.993,0.897,0.984,1649426.0,15646.0,0.0,0.0,9.74,0.0,0.0,0.0,-1.0,-1.0,0.04,0.48,0.046,0.435
0,sz150019,0.982,0.986,0.986,1649426.0,855738.0,793688.0,0.981,651.0,0.98,182.0,0.979,100.0,0.978,539.0,0.976,102.0,0.982,2705.0,0.985,387.0,0.986,2336.0,0.987,32.0,0.988,1232.0,11.0,20150826113046,-0.004,-0.41,0.993,0.897,0.984,1649426.0,15646.0,0.0,0.0,9.74,0.0,0.0,0.0,-1.0,-1.0,0.04,0.48,0.046,0.435
0,sz150019,0.982,0.986,0.986,1649426.0,855738.0,793688.0,0.981,651.0,0.98,182.0,0.979,100.0,0.978,539.0,0.976,102.0,0.982,2705.0,0.985,387.0,0.986,2336.0,0.987,32.0,0.988,1232.0,11.0,20150826113049,-0.004,-0.41,0.993,0.897,0.984,1649426.0,15646.0,0.0,0.0,9.74,0.0,0.0,0.0,-1.0,-1.0,0.04,0.48,0.046,0.435
0,sz150019,0.982,0.986,0.986,1649426.0,855738.0,793688.0,0.981,651.0,0.98,182.0,0.979,100.0,0.978,539.0,0.976,102.0,0.982,2705.0,0.985,387.0,0.986,2336.0,0.987,32.0,0.988,1232.0,11.0,20150826124956,-0.004,-0.41,0.993,0.897,0.984,1649426.0,15646.0,0.0,0.0,9.74,0.0,0.0,0.0,-1.0,-1.0,0.04,0.48,0.046,0.435
0,sz150019,0.989,0.986,0.986,1664045.0,868066.0,795978.0,0.989,450.0,0.987,1000.0,0.986,7360.0,0.985,3175.0,0.984,439.0,0.99,9466.0,0.991,581.0,0.992,330.0,0.993,41609.0,0.994,2137.0,13.0,20150826130011,0.003,0.3,0.993,0.897,0.984,1664045.0,15790.0,0.0,0.0,9.74,0.0,0.0,0.0,-1.0,-1.0,0.039,0.482,0.046,0.433
0,sz150019,0.989,0.986,0.986,1669565.0,870390.0,799176.0,0.989,372.0,0.988,95.0,0.987,1200.0,0.986,10300.0,0.985,2013.0,0.99,3289.0,0.991,581.0,0.992,330.0,0.993,41609.0,0.994,2137.0,13.0,20150826130030,0.003,0.3,0.993,0.897,0.984,1669565.0,15845.0,0.0,0.0,9.74,0.0,0.0,0.0,-1.0,-1.0,0.039,0.483,0.045,0.432
0,sz150019,0.99,0.986,0.986,1673054.0,873878.0,799176.0,0.99,11650.0,0.989,415.0,0.988,95.0,0.987,1300.0,0.986,10300.0,0.991,581.0,0.992,360.0,0.993,41609.0,0.994,2137.0,0.995,1698.0,13.0,20150826130044,0.004,0.41,0.993,0.897,0.984,1673054.0,15879.0,0.0,0.0,9.74,0.0,0.0,0.0,-1.0,-1.0,0.039,0.484,0.045,0.432
0,sz150019,0.992,0.986,0.986,1674549.0,874790.0,799760.0,0.992,1394.0,0.991,9289.0,0.99,3522.0,0.989,454.0,0.988,95.0,0.993,41513.0,0.994,2137.0,0.995,1305.0,0.996,749.0,0.997,332.0,13.0,20150826130105,0.006,0.61,0.993,0.897,0.991,1674549.0,15894.0,0.0,0.0,9.74,0.0,0.0,0.0,-1.0,-1.0,0.039,0.484,0.045,0.432
0,sz150019,0.993,0.986,0.986,1692054.0,892294.0,799760.0,0.992,4743.0,0.991,3192.0,0.99,3123.0,0.989,291.0,0.988,95.0,0.993,24518.0,0.994,2137.0,0.995,1305.0,0.996,749.0,0.997,332.0,13.0,20150826130121,0.007,0.71,0.993,0.897,0.991,1692054.0,16068.0,0.0,0.0,9.74,0.0,0.0,0.0,-1.0,-1.0,0.039,0.491,0.045,0.426
0,sz150019,0.995,0.986,0.986,1721357.0,921598.0,799760.0,0.994,37.0,0.993,9244.0,0.992,4521.0,0.991,3403.0,0.99,942.0,0.995,1056.0,0.996,749.0,0.997,332.0,0.998,3618.0,0.999,2522.0,13.0,20150826130138,0.009,0.91,0.995,0.897,0.991,1721357.0,16359.0,0.0,0.0,9.94,0.0,0.0,0.0,-1.0,-1.0,0.044,0.492,0.044,0.42
0,sz150019,0.998,0.986,0.986,1724090.0,923970.0,800120.0,0.997,1191.0,0.996,700.0,0.995,4359.0,0.994,810.0,0.993,12093.0,0.998,3518.0,0.999,2522.0,1.0,14081.0,1.001,561.0,1.002,1062.0,13.0,20150826130153,0.012,1.22,0.998,0.897,0.991,1724090.0,16386.0,0.0,0.0,10.24,0.0,0.0,0.0,-1.0,-1.0,0.044,0.492,0.044,0.42
0,sz150019,0.998,0.986,0.986,1735542.0,925842.0,809700.0,0.996,2383.0,0.995,3909.0,0.994,822.0,0.993,7421.0,0.992,1818.0,0.998,600.0,0.999,2189.0,1.0,14081.0,1.001,561.0,1.002,1062.0,13.0,20150826130212,0.012,1.22,0.999,0.897,0.998,1735542.0,16500.0,0.0,0.0,10.34,0.0,0.0,0.0,-1.0,-1.0,0.044,0.49,0.044,0.422
0,sz150019,1.0,0.986,0.986,1741610.0,931112.0,810498.0,0.999,1800.0,0.998,14323.0,0.997,5.0,0.996,3334.0,0.995,2290.0,1.0,11394.0,1.001,561.0,1.002,1062.0,1.003,152.0,1.005,52.0,13.0,20150826130227,0.014,1.42,1.0,0.897,0.998,1741610.0,16561.0,0.0,0.0,10.45,0.0,0.0,0.0,-1.0,-1.0,0.044,0.492,0.044,0.421
0,sz150019,1.0,0.986,0.986,1749474.0,938160.0,811314.0,0.999,3483.0,0.998,5457.0,0.996,2865.0,0.995,2275.0,0.993,4349.0,1.0,1231.0,1.001,561.0,1.002,1062.0,1.003,152.0,1.005,52.0,13.0,20150826130244,0.014,1.42,1.0,0.897,0.998,1749474.0,16640.0,0.0,0.0,10.45,0.0,0.0,0.0,-1.0,-1.0,0.043,0.494,0.043,0.419
0,sz150019,1.002,0.986,0.986,1751926.0,940390.0,811536.0,1.001,310.0,1.0,8621.0,0.999,3572.0,0.998,3867.0,0.996,2765.0,1.002,502.0,1.003,352.0,1.005,553.0,1.006,258.0,1.007,6.0,13.0,20150826130303,0.016,1.62,1.002,0.897,1.001,1751926.0,16664.0,0.0,0.0,10.65,0.0,0.0,0.0,-1.0,-1.0,0.043,0.494,0.043,0.419
0,sz150019,1.002,0.986,0.986,1756797.0,941292.0,815506.0,1.002,2515.0,1.001,3729.0,1.0,7372.0,0.999,2956.0,0.998,1022.0,1.005,502.0,1.006,258.0,1.007,6.0,1.008,100.0,1.009,462.0,13.0,20150826130320,0.016,1.62,1.005,0.897,1.001,1756797.0,16713.0,0.0,0.0,10.95,0.0,0.0,0.0,-1.0,-1.0,0.043,0.493,0.043,0.42
0,sz150019,1.006,0.986,0.986,1760069.0,942487.0,817582.0,1.008,166.0,1.007,2.0,1.006,1689.0,1.005,4812.0,1.004,111.0,1.01,713.0,1.011,17.0,1.012,610.0,1.014,500.0,1.015,90.0,13.0,20150826130335,0.02,2.03,1.01,0.897,1.001,1760069.0,16746.0,0.0,0.0,11.46,0.0,0.0,0.0,-1.0,-1.0,0.043,0.494,0.043,0.42
0,sz150019,1.011,0.986,0.986,1762104.0,943854.0,818250.0,1.011,1638.0,1.01,11101.0,1.009,661.0,1.008,1484.0,1.007,2451.0,1.012,267.0,1.014,500.0,1.015,90.0,1.016,587.0,1.017,4006.0,13.0,20150826130357,0.025,2.54,1.012,0.897,1.001,1762104.0,16766.0,0.0,0.0,11.66,0.0,0.0,0.0,-1.0,-1.0,0.043,0.493,0.043,0.42
0,sz150019,1.011,0.986,0.986,1767196.0,944656.0,822540.0,1.013,10.0,1.012,764.0,1.011,200.0,1.01,1100.0,1.009,86.0,1.016,587.0,1.017,4106.0,1.018,1354.0,1.019,135.0,1.02,4394.0,13.0,20150826130412,0.025,2.54,1.016,0.897,1.011,1767196.0,16818.0,0.0,0.0,12.07,0.0,0.0,0.0,-1.0,-1.0,0.043,0.492,0.043,0.422
0,sz150019,1.016,0.986,0.986,1775811.0,951318.0,824492.0,1.016,134.0,1.015,10544.0,1.013,292.0,1.012,1221.0,1.011,1000.0,1.018,643.0,1.019,350.0,1.02,4294.0,1.021,869.0,1.022,112.0,13.0,20150826130429,0.03,3.04,1.018,0.897,1.011,1775811.0,16906.0,0.0,0.0,12.27,0.0,0.0,0.0,-1.0,-1.0,0.043,0.494,0.043,0.42
0,sz150019,1.022,0.986,0.986,1792690.0,967366.0,825324.0,1.022,4743.0,1.019,1100.0,1.018,200.0,1.017,457.0,1.016,1573.0,1.023,420.0,1.024,452.0,1.025,1302.0,1.026,1200.0,1.027,165.0,13.0,20150826130447,0.036,3.65,1.022,0.897,1.011,1792690.0,17078.0,0.0,0.0,12.68,0.0,0.0,0.0,-1.0,-1.0,0.042,0.496,0.042,0.419
0,sz150019,1.03,0.986,0.986,1800702.0,973622.0,827080.0,1.028,2485.0,1.02,2895.0,1.019,1060.0,1.018,446.0,1.017,457.0,1.03,6841.0,1.031,1100.0,1.032,150.0,1.033,749.0,1.034,20.0,13.0,20150826130505,0.044,4.46,1.03,0.897,1.028,1800702.0,17160.0,0.0,0.0,13.49,0.0,0.0,0.0,-1.0,-1.0,0.042,0.499,0.042,0.416
0,sz150019,1.03,0.986,0.986,1812715.0,984646.0,828068.0,1.03,1491.0,1.028,18.0,1.025,8100.0,1.023,100.0,1.02,2895.0,1.031,1100.0,1.032,150.0,1.033,1049.0,1.034,20.0,1.035,2717.0,13.0,20150826130523,0.044,4.46,1.03,0.897,1.028,1812715.0,17283.0,0.0,0.0,13.49,0.0,0.0,0.0,-1.0,-1.0,0.042,0.502,0.042,0.414
0,sz150019,1.027,0.986,0.986,1819710.0,987063.0,832647.0,1.025,6380.0,1.024,5.0,1.023,100.0,1.02,2572.0,1.019,1060.0,1.027,197.0,1.028,5020.0,1.029,610.0,1.03,1422.0,1.031,1100.0,13.0,20150826130538,0.041,4.16,1.03,0.897,1.028,1819710.0,17355.0,0.0,0.0,13.49,0.0,0.0,0.0,-1.0,-1.0,0.042,0.502,0.042,0.415
0,sz150019,1.018,0.986,0.986,1835122.0,996042.0,839080.0,1.018,58.0,1.017,444.0,1.016,435.0,1.015,1145.0,1.013,390.0,1.019,1457.0,1.02,107.0,1.025,5190.0,1.026,1525.0,1.027,7843.0,13.0,20150826130557,0.032,3.25,1.03,0.897,1.028,1835122.0,17513.0,0.0,0.0,13.49,0.0,0.0,0.0,-1.0,-1.0,0.041,0.502,0.041,0.415
0,sz150019,1.015,0.986,0.986,1837542.0,997194.0,840348.0,1.015,318.0,1.013,390.0,1.012,2948.0,1.011,200.0,1.01,730.0,1.016,267.0,1.017,555.0,1.018,1561.0,1.019,445.0,1.02,270.0,13.0,20150826130618,0.029,2.94,1.03,0.897,1.018,1837542.0,17538.0,0.0,0.0,13.49,0.0,0.0,0.0,-1.0,-1.0,0.041,0.502,0.041,0.415
0,sz150019,1.013,0.986,0.986,1839482.0,997968.0,841514.0,1.012,2418.0,1.011,200.0,1.01,730.0,1.009,80.0,1.008,87.0,1.013,123.0,1.015,4011.0,1.016,470.0,1.017,1249.0,1.018,1792.0,13.0,20150826130633,0.027,2.74,1.03,0.897,1.018,1839482.0,17558.0,0.0,0.0,13.49,0.0,0.0,0.0,-1.0,-1.0,0.041,0.502,0.041,0.415
0,sz150019,1.01,0.986,0.986,1844260.0,998582.0,845678.0,1.009,80.0,1.008,87.0,1.007,9.0,1.006,1667.0,1.005,552.0,1.01,1540.0,1.011,14.0,1.012,385.0,1.013,5371.0,1.014,3200.0,13.0,20150826130651,0.024,2.43,1.03,0.897,1.018,1844260.0,17606.0,0.0,0.0,13.49,0.0,0.0,0.0,-1.0,-1.0,0.041,0.501,0.041,0.417
0,sz150019,1.009,0.986,0.986,1846763.0,1000884.0,845880.0,1.008,100.0,1.006,217.0,1.005,552.0,1.003,1014.0,1.002,298.0,1.009,2571.0,1.01,3070.0,1.011,120.0,1.012,647.0,1.013,5421.0,13.0,20150826130709,0.023,2.33,1.03,0.897,1.009,1846763.0,17631.0,0.0,0.0,13.49,0.0,0.0,0.0,-1.0,-1.0,0.041,0.502,0.041,0.416
0,sz150019,1.005,0.986,0.986,1848826.0,1001456.0,847370.0,1.003,1009.0,1.002,298.0,1.001,1349.0,1.0,3000.0,0.999,1076.0,1.005,301.0,1.006,5000.0,1.008,50.0,1.009,1880.0,1.01,1530.0,13.0,20150826130727,0.019,1.93,1.03,0.897,1.009,1848826.0,17652.0,0.0,0.0,13.49,0.0,0.0,0.0,-1.0,-1.0,0.041,0.502,0.041,0.416
0,sz150019,1.006,0.986,0.986,1850618.0,1002162.0,848456.0,1.005,757.0,1.003,1124.0,1.002,298.0,1.001,1349.0,1.0,2817.0,1.006,4496.0,1.008,140.0,1.009,1932.0,1.01,1500.0,1.012,544.0,13.0,20150826130748,0.02,2.03,1.03,0.897,1.009,1850618.0,17670.0,0.0,0.0,13.49,0.0,0.0,0.0,-1.0,-1.0,0.041,0.501,0.041,0.417
0,sz150019,1.004,0.986,0.986,1858561.0,1008221.0,850340.0,1.004,80.0,1.003,1161.0,1.002,498.0,1.001,1398.0,1.0,2675.0,1.005,317.0,1.006,1395.0,1.008,140.0,1.009,2182.0,1.01,1507.0,13.0,20150826130806,0.018,1.83,1.03,0.897,1.006,1858561.0,17750.0,0.0,0.0,13.49,0.0,0.0,0.0,-1.0,-1.0,0.041,0.503,0.041,0.416
0,sz150019,1.003,0.986,0.986,1864681.0,1011545.0,853136.0,1.002,548.0,1.001,1222.0,1.0,2680.0,0.999,1078.0,0.998,360.0,1.003,584.0,1.005,150.0,1.006,875.0,1.008,240.0,1.009,2182.0,13.0,20150826130824,0.017,1.72,1.03,0.897,1.006,1864681.0,17811.0,0.0,0.0,13.49,0.0,0.0,0.0,-1.0,-1.0,0.041,0.503,0.041,0.416
0,sz150019,1.005,0.986,0.986,1868977.0,1013994.0,854982.0,1.006,152.0,1.004,154.0,1.003,1100.0,1.002,368.0,1.001,4333.0,1.008,240.0,1.009,2082.0,1.01,1537.0,1.012,529.0,1.013,5349.0,13.0,20150826130842,0.019,1.93,1.03,0.897,1.006,1868977.0,17854.0,0.0,0.0,13.49,0.0,0.0,0.0,-1.0,-1.0,0.041,0.503,0.041,0.416
0,sz150019,1.008,0.986,0.986,1870472.0,1014892.0,855580.0,1.008,760.0,1.006,271.0,1.005,429.0,1.004,154.0,1.003,1150.0,1.009,2082.0,1.01,1542.0,1.012,619.0,1.013,5329.0,1.014,3000.0,13.0,20150826130900,0.022,2.23,1.03,0.897,1.008,1870472.0,17869.0,0.0,0.0,13.49,0.0,0.0,0.0,-1.0,-1.0,0.041,0.503,0.041,0.416
0,sz150019,1.01,0.986,0.986,1880717.0,1025136.0,855580.0,1.01,417.0,1.009,794.0,1.008,810.0,1.007,142.0,1.006,471.0,1.012,2.0,1.014,2572.0,1.015,3190.0,1.016,242.0,1.017,660.0,13.0,20150826130918,0.024,2.43,1.03,0.897,1.008,1880717.0,17973.0,0.0,0.0,13.49,0.0,0.0,0.0,-1.0,-1.0,0.046,0.5,0.04,0.414
0,sz150019,1.013,0.986,0.986,1881969.0,1026332.0,855636.0,1.012,353.0,1.011,250.0,1.01,1623.0,1.009,919.0,1.008,810.0,1.013,214.0,1.014,2255.0,1.015,3140.0,1.016,212.0,1.017,660.0,13.0,20150826130936,0.027,2.74,1.03,0.897,1.008,1881969.0,17986.0,0.0,0.0,13.49,0.0,0.0,0.0,-1.0,-1.0,0.046,0.501,0.04,0.413
0,sz150019,1.015,0.986,0.986,1886228.0,1029462.0,856766.0,1.014,1252.0,1.013,2661.0,1.012,627.0,1.011,268.0,1.01,1399.0,1.015,2130.0,1.016,112.0,1.017,660.0,1.018,345.0,1.019,80.0,13.0,20150826130957,0.029,2.94,1.03,0.897,1.008,1886228.0,18029.0,0.0,0.0,13.49,0.0,0.0,0.0,-1.0,-1.0,0.046,0.501,0.04,0.413
0,sz150019,1.015,0.986,0.986,1888082.0,1031316.0,856766.0,1.014,2853.0,1.013,2722.0,1.012,587.0,1.011,50.0,1.01,1609.0,1.015,426.0,1.016,112.0,1.017,660.0,1.018,345.0,1.019,39.0,13.0,20150826131015,0.029,2.94,1.03,0.897,1.015,1888082.0,18048.0,0.0,0.0,13.49,0.0,0.0,0.0,-1.0,-1.0,0.046,0.502,0.04,0.412
0,sz150019,1.017,0.986,0.986,1891073.0,1032430.0,858644.0,1.016,515.0,1.015,615.0,1.014,2739.0,1.013,2058.0,1.012,587.0,1.017,549.0,1.018,160.0,1.019,89.0,1.02,1360.0,1.023,50.0,13.0,20150826131036,0.031,3.14,1.03,0.897,1.015,1891073.0,18078.0,0.0,0.0,13.49,0.0,0.0,0.0,-1.0,-1.0,0.046,0.501,0.04,0.413
0,sz150019,1.016,0.986,0.986,1892930.0,1033192.0,859738.0,1.017,200.0,1.016,1110.0,1.015,2755.0,1.014,2442.0,1.013,1748.0,1.019,1319.0,1.02,1410.0,1.021,200.0,1.023,50.0,1.024,300.0,13.0,20150826131054,0.03,3.04,1.03,0.897,1.015,1892930.0,18097.0,0.0,0.0,13.49,0.0,0.0,0.0,-1.0,-1.0,0.046,0.501,0.04,0.413
0,sz150019,1.017,0.986,0.986,1895197.0,1033658.0,861538.0,1.016,1394.0,1.015,2731.0,1.014,2342.0,1.013,1758.0,1.012,607.0,1.017,872.0,1.019,311.0,1.02,1160.0,1.021,230.0,1.023,50.0,13.0,20150826131112,0.031,3.14,1.03,0.897,1.017,1895197.0,18120.0,0.0,0.0,13.49,0.0,0.0,0.0,-1.0,-1.0,0.045,0.501,0.04,0.413
0,sz150019,1.016,0.986,0.986,1898889.0,1034294.0,864594.0,1.015,1564.0,1.014,2292.0,1.013,1175.0,1.012,607.0,1.01,587.0,1.016,937.0,1.017,3844.0,1.019,622.0,1.02,1160.0,1.021,230.0,13.0,20150826131127,0.03,3.04,1.03,0.897,1.017,1898889.0,18158.0,0.0,0.0,13.49,0.0,0.0,0.0,-1.0,-1.0,0.045,0.5,0.04,0.414
0,sz150019,1.012,0.986,0.986,1905873.0,1034990.0,870884.0,1.01,387.0,1.009,886.0,1.008,150.0,1.007,142.0,1.006,259.0,1.012,1913.0,1.014,2495.0,1.015,6963.0,1.016,1886.0,1.017,3744.0,13.0,20150826131145,0.026,2.64,1.03,0.897,1.017,1905873.0,18228.0,0.0,0.0,13.49,0.0,0.0,0.0,-1.0,-1.0,0.045,0.499,0.04,0.416
0,sz150019,1.01,0.986,0.986,1907757.0,1036132.0,871624.0,1.01,59.0,1.009,886.0,1.008,150.0,1.007,152.0,1.006,259.0,1.011,52.0,1.012,4601.0,1.013,382.0,1.014,4650.0,1.015,1979.0,13.0,20150826131209,0.024,2.43,1.03,0.897,1.01,1907757.0,18247.0,0.0,0.0,13.49,0.0,0.0,0.0,-1.0,-1.0,0.045,0.499,0.04,0.416
0,sz150019,1.01,0.986,0.986,1911366.0,1039288.0,872078.0,1.009,286.0,1.008,150.0,1.007,100.0,1.006,259.0,1.005,524.0,1.01,492.0,1.011,701.0,1.012,4255.0,1.013,345.0,1.014,4644.0,13.0,20150826131227,0.024,2.43,1.03,0.897,1.01,1911366.0,18284.0,0.0,0.0,13.49,0.0,0.0,0.0,-1.0,-1.0,0.045,0.5,0.04,0.415
0,sz150019,1.005,0.986,0.986,1916070.0,1041078.0,874992.0,1.005,1301.0,1.004,250.0,1.002,238.0,1.001,5852.0,1.0,4092.0,1.008,100.0,1.009,45.0,1.01,1916.0,1.011,641.0,1.012,3255.0,13.0,20150826131245,0.019,1.93,1.03,0.897,1.01,1916070.0,18331.0,0.0,0.0,13.49,0.0,0.0,0.0,-1.0,-1.0,0.045,0.499,0.04,0.416
0,sz150019,1.006,0.986,0.986,1917864.0,1042458.0,875406.0,1.006,791.0,1.005,1900.0,1.004,250.0,1.002,265.0,1.001,4533.0,1.007,1713.0,1.008,100.0,1.01,1916.0,1.011,641.0,1.012,3255.0,13.0,20150826131306,0.02,2.03,1.03,0.897,1.008,1917864.0,18349.0,0.0,0.0,13.49,0.0,0.0,0.0,-1.0,-1.0,0.045,0.5,0.04,0.416
0,sz150019,1.006,0.986,0.986,1921045.0,1043875.0,877170.0,1.005,1726.0,1.004,250.0,1.003,50.0,1.002,475.0,1.001,4633.0,1.006,141.0,1.007,229.0,1.008,106.0,1.01,180.0,1.011,652.0,13.0,20150826131324,0.02,2.03,1.03,0.897,1.008,1921045.0,18381.0,0.0,0.0,13.49,0.0,0.0,0.0,-1.0,-1.0,0.045,0.5,0.04,0.416
0,sz150019,1.006,0.986,0.986,1923155.0,1044875.0,878280.0,1.006,2235.0,1.005,1284.0,1.004,310.0,1.003,50.0,1.002,715.0,1.007,1606.0,1.008,106.0,1.01,180.0,1.011,652.0,1.012,2200.0,13.0,20150826131342,0.02,2.03,1.03,0.897,1.008,1923155.0,18403.0,0.0,0.0,13.49,0.0,0.0,0.0,-1.0,-1.0,0.045,0.5,0.039,0.416
0,sz150019,1.007,0.986,0.986,1924058.0,1045342.0,878716.0,1.007,2653.0,1.006,2354.0,1.005,1284.0,1.004,313.0,1.003,50.0,1.008,130.0,1.01,180.0,1.011,852.0,1.012,2200.0,1.013,349.0,13.0,20150826131403,0.021,2.13,1.03,0.897,1.007,1924058.0,18412.0,0.0,0.0,13.49,0.0,0.0,0.0,-1.0,-1.0,0.045,0.5,0.039,0.416
0,sz150019,1.007,0.986,0.986,1925747.0,1045559.0,880188.0,1.007,1642.0,1.006,2264.0,1.005,1384.0,1.004,313.0,1.003,50.0,1.011,887.0,1.012,2225.0,1.013,349.0,1.014,4700.0,1.015,695.0,13.0,20150826131421,0.021,2.13,1.03,0.897,1.007,1925747.0,18429.0,0.0,0.0,13.49,0.0,0.0,0.0,-1.0,-1.0,0.045,0.499,0.039,0.417
0,sz150019,1.008,0.986,0.986,1927589.0,1046469.0,881120.0,1.007,1119.0,1.006,1864.0,1.005,1272.0,1.004,313.0,1.003,50.0,1.008,1107.0,1.01,53.0,1.011,286.0,1.012,2225.0,1.013,349.0,13.0,20150826131439,0.022,2.23,1.03,0.897,1.007,1927589.0,18447.0,0.0,0.0,13.49,0.0,0.0,0.0,-1.0,-1.0,0.045,0.499,0.039,0.417
0,sz150019,1.007,0.986,0.986,1929653.0,1047227.0,882426.0,1.007,497.0,1.006,1814.0,1.005,1182.0,1.004,313.0,1.003,50.0,1.008,94.0,1.01,303.0,1.011,286.0,1.012,2225.0,1.013,349.0,13.0,20150826131458,0.021,2.13,1.03,0.897,1.007,1929653.0,18468.0,0.0,0.0,13.49,0.0,0.0,0.0,-1.0,-1.0,0.045,0.499,0.039,0.417
0,sz150019,1.01,0.986,0.986,1930485.0,1047771.0,882714.0,1.009,21.0,1.008,1459.0,1.007,553.0,1.006,1814.0,1.005,1182.0,1.01,916.0,1.011,286.0,1.012,2275.0,1.013,349.0,1.014,4700.0,13.0,20150826131521,0.024,2.43,1.03,0.897,1.007,1930485.0,18477.0,0.0,0.0,13.49,0.0,0.0,0.0,-1.0,-1.0,0.045,0.499,0.039,0.417
0,sz150019,1.009,0.986,0.986,1931318.0,1048279.0,883039.0,1.008,915.0,1.007,363.0,1.006,1834.0,1.005,882.0,1.004,313.0,1.009,108.0,1.01,665.0,1.011,736.0,1.012,2275.0,1.013,349.0,13.0,20150826131539,0.023,2.33,1.03,0.897,1.007,1931318.0,18485.0,0.0,0.0,13.49,0.0,0.0,0.0,-1.0,-1.0,0.045,0.499,0.039,0.417
0,sz150019,1.011,0.986,0.986,1935020.0,1051785.0,883235.0,1.011,54.0,1.01,4642.0,1.009,35.0,1.008,792.0,1.007,363.0,1.012,2275.0,1.013,249.0,1.014,4700.0,1.015,944.0,1.016,1739.0,13.0,20150826131558,0.025,2.54,1.03,0.897,1.007,1935020.0,18522.0,0.0,0.0,13.49,0.0,0.0,0.0,-1.0,-1.0,0.045,0.5,0.039,0.416
0,sz150019,1.012,0.986,0.986,1937576.0,1053318.0,884258.0,1.012,417.0,1.011,737.0,1.01,1398.0,1.009,35.0,1.008,105.0,1.013,299.0,1.014,4700.0,1.015,894.0,1.016,1709.0,1.017,156.0,13.0,20150826131616,0.026,2.64,1.03,0.897,1.012,1937576.0,18548.0,0.0,0.0,13.49,0.0,0.0,0.0,-1.0,-1.0,0.045,0.5,0.039,0.416
0,sz150019,1.014,0.986,0.986,1939923.0,1054348.0,885575.0,1.013,679.0,1.012,293.0,1.011,2215.0,1.01,1435.0,1.009,35.0,1.014,4158.0,1.015,894.0,1.016,1709.0,1.017,107.0,1.018,330.0,13.0,20150826131636,0.028,2.84,1.03,0.897,1.012,1939923.0,18572.0,0.0,0.0,13.49,0.0,0.0,0.0,-1.0,-1.0,0.044,0.5,0.039,0.416
0,sz150019,1.014,0.986,0.986,1944369.0,1058585.0,885784.0,1.014,69.0,1.013,3466.0,1.012,541.0,1.011,2315.0,1.01,1200.0,1.015,392.0,1.016,1709.0,1.017,107.0,1.018,490.0,1.019,678.0,13.0,20150826131655,0.028,2.84,1.03,0.897,1.012,1944369.0,18617.0,0.0,0.0,13.49,0.0,0.0,0.0,-1.0,-1.0,0.044,0.501,0.039,0.415
0,sz150019,1.016,0.986,0.986,1946941.0,1060074.0,886867.0,1.016,5485.0,1.015,2441.0,1.014,4458.0,1.013,2583.0,1.012,541.0,1.017,197.0,1.018,365.0,1.019,758.0,1.02,2414.0,1.021,32.0,13.0,20150826131713,0.03,3.04,1.03,0.897,1.015,1946941.0,18643.0,0.0,0.0,13.49,0.0,0.0,0.0,-1.0,-1.0,0.044,0.501,0.039,0.415
0,sz150019,1.02,0.986,0.986,1951419.0,1064551.0,886868.0,1.02,1531.0,1.019,954.0,1.018,19.0,1.017,1220.0,1.016,3981.0,1.021,332.0,1.023,79.0,1.024,100.0,1.025,1070.0,1.026,1070.0,13.0,20150826131736,0.034,3.45,1.03,0.897,1.015,1951419.0,18689.0,0.0,0.0,13.49,0.0,0.0,0.0,-1.0,-1.0,0.044,0.502,0.039,0.415
0,sz150019,1.023,0.986,0.986,1952179.0,1065212.0,886967.0,1.023,101.0,1.021,1750.0,1.02,4722.0,1.019,1371.0,1.018,70.0,1.024,120.0,1.025,1170.0,1.026,1070.0,1.027,164.0,1.028,4291.0,13.0,20150826131752,0.037,3.75,1.03,0.897,1.015,1952179.0,18697.0,0.0,0.0,13.49,0.0,0.0,0.0,-1.0,-1.0,0.044,0.502,0.039,0.415
0,sz150019,1.025,0.986,0.986,1956464.0,1066737.0,889727.0,1.025,119.0,1.024,244.0,1.023,6168.0,1.022,157.0,1.021,13379.0,1.026,1370.0,1.027,164.0,1.028,4331.0,1.029,3260.0,1.03,9346.0,13.0,20150826131813,0.039,3.96,1.03,0.897,1.025,1956464.0,18740.0,0.0,0.0,13.49,0.0,0.0,0.0,-1.0,-1.0,0.044,0.502,0.039,0.415
