名称,﻿代码,﻿当前价格,﻿昨收,﻿今开,﻿成交量/手,﻿外盘,﻿内盘,﻿买一价,﻿买一量/手,﻿买二价,﻿买二量/手,﻿买三价,﻿买三量/手,﻿买四价,﻿买四量/手,﻿买五价,﻿买五量/手,﻿卖一价,﻿卖一量/手,﻿卖二价,﻿卖二量/手,﻿卖三价,﻿卖三量/手,﻿卖四价,﻿卖四量/手,﻿卖五价,﻿卖五量/手,﻿最近逐笔成交,﻿时间,﻿涨跌,﻿涨跌幅,﻿最高,﻿最低,﻿价格,﻿成交量/手,﻿成交额/万,﻿换手率,﻿市盈率,﻿振幅,﻿流通市值,﻿总市值,﻿市净率,﻿涨停价,﻿跌停价,﻿买盘大单,﻿买盘小单,﻿卖盘大单,﻿卖盘小单
0,sz150085,0.952,0.955,0.963,438651.0,228074.0,210577.0,0.952,15848.0,0.951,21375.0,0.95,10411.0,0.949,1936.0,0.947,3380.0,0.953,33857.0,0.954,11000.0,0.955,22211.0,0.956,33665.0,0.957,24250.0,10.0,20150826104416,-0.003,-0.31,0.963,0.951,0.952,438651.0,4183.0,0.0,0.0,1.26,0.0,0.0,0.0,-1.0,-1.0,0.17,0.35,0.221,0.259
0,sz150085,0.952,0.955,0.963,438651.0,228074.0,210577.0,0.952,18228.0,0.951,21375.0,0.95,10411.0,0.949,1936.0,0.947,3380.0,0.953,33857.0,0.954,11000.0,0.955,22211.0,0.956,33665.0,0.957,24250.0,10.0,20150826104429,-0.003,-0.31,0.963,0.951,0.952,438651.0,4183.0,0.0,0.0,1.26,0.0,0.0,0.0,-1.0,-1.0,0.17,0.35,0.221,0.259
0,sz150085,0.952,0.955,0.963,438651.0,228074.0,210577.0,0.952,18228.0,0.951,21375.0,0.95,10411.0,0.949,1936.0,0.947,3380.0,0.953,33857.0,0.954,11000.0,0.955,22211.0,0.956,33665.0,0.957,24250.0,10.0,20150826104434,-0.003,-0.31,0.963,0.951,0.952,438651.0,4183.0,0.0,0.0,1.26,0.0,0.0,0.0,-1.0,-1.0,0.17,0.35,0.221,0.259
0,sz150085,0.952,0.955,0.963,438651.0,228074.0,210577.0,0.952,18228.0,0.951,21375.0,0.95,10411.0,0.949,1936.0,0.948,500.0,0.953,33857.0,0.954,11000.0,0.955,22211.0,0.956,33665.0,0.957,24250.0,10.0,20150826104440,-0.003,-0.31,0.963,0.951,0.952,438651.0,4183.0,0.0,0.0,1.26,0.0,0.0,0.0,-1.0,-1.0,0.17,0.35,0.221,0.259
0,sz150085,0.952,0.955,0.963,438651.0,228074.0,210577.0,0.952,18228.0,0.951,21375.0,0.95,10411.0,0.949,1936.0,0.948,500.0,0.953,33857.0,0.954,11000.0,0.955,22211.0,0.956,33665.0,0.957,24250.0,10.0,20150826104447,-0.003,-0.31,0.963,0.951,0.952,438651.0,4183.0,0.0,0.0,1.26,0.0,0.0,0.0,-1.0,-1.0,0.17,0.35,0.221,0.259
0,sz150085,0.952,0.955,0.963,438651.0,228074.0,210577.0,0.952,18228.0,0.951,21375.0,0.95,10411.0,0.949,1936.0,0.948,500.0,0.953,33857.0,0.954,11000.0,0.955,22211.0,0.956,33665.0,0.957,24250.0,10.0,20150826104450,-0.003,-0.31,0.963,0.951,0.952,438651.0,4183.0,0.0,0.0,1.26,0.0,0.0,0.0,-1.0,-1.0,0.17,0.35,0.221,0.259
0,sz150085,0.952,0.955,0.963,438651.0,228074.0,210577.0,0.952,18262.0,0.951,21375.0,0.95,10411.0,0.949,1936.0,0.948,500.0,0.953,33857.0,0.954,11000.0,0.955,22211.0,0.956,33665.0,0.957,24250.0,10.0,20150826104456,-0.003,-0.31,0.963,0.951,0.952,438651.0,4183.0,0.0,0.0,1.26,0.0,0.0,0.0,-1.0,-1.0,0.17,0.35,0.221,0.259
0,sz150085,0.952,0.955,0.963,438651.0,228074.0,210577.0,0.952,18262.0,0.951,21375.0,0.95,10411.0,0.949,1936.0,0.948,500.0,0.953,33857.0,0.954,11000.0,0.955,22211.0,0.956,33665.0,0.957,24250.0,10.0,20150826104459,-0.003,-0.31,0.963,0.951,0.952,438651.0,4183.0,0.0,0.0,1.26,0.0,0.0,0.0,-1.0,-1.0,0.17,0.35,0.221,0.259
0,sz150085,0.952,0.955,0.963,438651.0,228074.0,210577.0,0.952,18262.0,0.951,21375.0,0.95,10411.0,0.949,1936.0,0.948,500.0,0.953,33857.0,0.954,11000.0,0.955,22211.0,0.956,33665.0,0.957,24250.0,10.0,20150826104502,-0.003,-0.31,0.963,0.951,0.952,438651.0,4183.0,0.0,0.0,1.26,0.0,0.0,0.0,-1.0,-1.0,0.17,0.35,0.221,0.259
0,sz150085,0.952,0.955,0.963,438651.0,228074.0,210577.0,0.952,18262.0,0.951,21375.0,0.95,10411.0,0.949,1936.0,0.948,500.0,0.953,33857.0,0.954,11000.0,0.955,22211.0,0.956,33665.0,0.957,24250.0,10.0,20150826104507,-0.003,-0.31,0.963,0.951,0.952,438651.0,4183.0,0.0,0.0,1.26,0.0,0.0,0.0,-1.0,-1.0,0.17,0.35,0.221,0.259
0,sz150085,0.952,0.955,0.963,438651.0,228074.0,210577.0,0.952,18262.0,0.951,21375.0,0.95,10411.0,0.949,1936.0,0.948,500.0,0.953,33857.0,0.954,11000.0,0.955,22211.0,0.956,33665.0,0.957,24250.0,10.0,20150826104513,-0.003,-0.31,0.963,0.951,0.952,438651.0,4183.0,0.0,0.0,1.26,0.0,0.0,0.0,-1.0,-1.0,0.17,0.35,0.221,0.259
0,sz150085,0.952,0.955,0.963,456913.0,228074.0,228839.0,0.951,21375.0,0.95,10411.0,0.949,1936.0,0.948,500.0,0.947,3380.0,0.952,1737.0,0.953,33957.0,0.954,11000.0,0.955,22211.0,0.956,33665.0,10.0,20150826104519,-0.003,-0.31,0.963,0.951,0.952,456913.0,4357.0,0.0,0.0,1.26,0.0,0.0,0.0,-1.0,-1.0,0.169,0.349,0.22,0.262
0,sz150085,0.952,0.955,0.963,456913.0,228074.0,228839.0,0.951,21375.0,0.95,10411.0,0.949,1936.0,0.948,500.0,0.947,3380.0,0.952,1737.0,0.953,33957.0,0.954,11000.0,0.955,22211.0,0.956,33665.0,10.0,20150826104522,-0.003,-0.31,0.963,0.951,0.952,456913.0,4357.0,0.0,0.0,1.26,0.0,0.0,0.0,-1.0,-1.0,0.163,0.336,0.248,0.253
0,sz150085,0.953,0.955,0.963,458701.0,229862.0,228839.0,0.952,7362.0,0.951,21375.0,0.95,10411.0,0.949,1936.0,0.948,500.0,0.953,33907.0,0.954,11000.0,0.955,22211.0,0.956,33665.0,0.957,24250.0,10.0,20150826104528,-0.002,-0.21,0.963,0.951,0.952,458701.0,4374.0,0.0,0.0,1.26,0.0,0.0,0.0,-1.0,-1.0,0.162,0.339,0.247,0.252
0,sz150085,0.953,0.955,0.963,458701.0,229862.0,228839.0,0.952,7362.0,0.951,21375.0,0.95,10411.0,0.949,1936.0,0.948,500.0,0.953,33908.0,0.954,11000.0,0.955,22211.0,0.956,33665.0,0.957,24250.0,10.0,20150826104534,-0.002,-0.21,0.963,0.951,0.952,458701.0,4374.0,0.0,0.0,1.26,0.0,0.0,0.0,-1.0,-1.0,0.162,0.339,0.247,0.252
0,sz150085,0.953,0.955,0.963,458701.0,229862.0,228839.0,0.952,7377.0,0.951,21375.0,0.95,10411.0,0.949,1936.0,0.948,500.0,0.953,34908.0,0.954,11000.0,0.955,22211.0,0.956,33665.0,0.957,24250.0,10.0,20150826104540,-0.002,-0.21,0.963,0.951,0.952,458701.0,4374.0,0.0,0.0,1.26,0.0,0.0,0.0,-1.0,-1.0,0.162,0.339,0.247,0.252
0,sz150085,0.953,0.955,0.963,458701.0,229862.0,228839.0,0.952,7377.0,0.951,21375.0,0.95,10411.0,0.949,1936.0,0.948,500.0,0.953,34908.0,0.954,11000.0,0.955,22211.0,0.956,33665.0,0.957,24250.0,10.0,20150826104544,-0.002,-0.21,0.963,0.951,0.952,458701.0,4374.0,0.0,0.0,1.26,0.0,0.0,0.0,-1.0,-1.0,0.162,0.339,0.247,0.252
0,sz150085,0.953,0.955,0.963,463701.0,234862.0,228839.0,0.952,7377.0,0.951,21375.0,0.95,10411.0,0.949,1936.0,0.948,500.0,0.953,29908.0,0.954,11000.0,0.955,22211.0,0.956,33665.0,0.957,24250.0,10.0,20150826104550,-0.002,-0.21,0.963,0.951,0.952,463701.0,4422.0,0.0,0.0,1.26,0.0,0.0,0.0,-1.0,-1.0,0.162,0.339,0.247,0.252
0,sz150085,0.953,0.955,0.963,463701.0,234862.0,228839.0,0.952,7377.0,0.951,21375.0,0.95,10411.0,0.949,1936.0,0.948,500.0,0.953,29908.0,0.954,11000.0,0.955,22211.0,0.956,33665.0,0.957,24250.0,10.0,20150826104556,-0.002,-0.21,0.963,0.951,0.952,463701.0,4422.0,0.0,0.0,1.26,0.0,0.0,0.0,-1.0,-1.0,0.161,0.346,0.244,0.249
0,sz150085,0.953,0.955,0.963,463701.0,234862.0,228839.0,0.952,7377.0,0.951,21375.0,0.95,10511.0,0.949,1936.0,0.948,500.0,0.953,29908.0,0.954,11000.0,0.955,22211.0,0.956,33665.0,0.957,24250.0,10.0,20150826104559,-0.002,-0.21,0.963,0.951,0.952,463701.0,4422.0,0.0,0.0,1.26,0.0,0.0,0.0,-1.0,-1.0,0.161,0.346,0.244,0.249
0,sz150085,0.953,0.955,0.963,463702.0,234863.0,228839.0,0.952,7677.0,0.951,21375.0,0.95,10511.0,0.949,1936.0,0.948,500.0,0.953,29907.0,0.954,11000.0,0.955,22211.0,0.956,33665.0,0.957,24250.0,10.0,20150826104604,-0.002,-0.21,0.963,0.951,0.953,463702.0,4422.0,0.0,0.0,1.26,0.0,0.0,0.0,-1.0,-1.0,0.161,0.346,0.244,0.249
0,sz150085,0.952,0.955,0.963,464002.0,234863.0,229139.0,0.952,7377.0,0.951,21375.0,0.95,10511.0,0.949,1936.0,0.948,500.0,0.953,29907.0,0.954,11000.0,0.955,22211.0,0.956,33665.0,0.957,24250.0,10.0,20150826104611,-0.003,-0.31,0.963,0.951,0.953,464002.0,4425.0,0.0,0.0,1.26,0.0,0.0,0.0,-1.0,-1.0,0.16,0.346,0.244,0.25
0,sz150085,0.952,0.955,0.963,464002.0,234863.0,229139.0,0.952,7377.0,0.951,21375.0,0.95,10511.0,0.949,1936.0,0.948,500.0,0.953,29907.0,0.954,11000.0,0.955,22211.0,0.956,33665.0,0.957,24250.0,10.0,20150826104617,-0.003,-0.31,0.963,0.951,0.953,464002.0,4425.0,0.0,0.0,1.26,0.0,0.0,0.0,-1.0,-1.0,0.16,0.346,0.244,0.25
0,sz150085,0.952,0.955,0.963,464002.0,234863.0,229139.0,0.952,7377.0,0.951,21475.0,0.95,10511.0,0.949,1936.0,0.948,500.0,0.953,29907.0,0.954,11000.0,0.955,22211.0,0.956,33665.0,0.957,24250.0,10.0,20150826104620,-0.003,-0.31,0.963,0.951,0.953,464002.0,4425.0,0.0,0.0,1.26,0.0,0.0,0.0,-1.0,-1.0,0.16,0.346,0.244,0.25
0,sz150085,0.952,0.955,0.963,464002.0,234863.0,229139.0,0.952,7382.0,0.951,21475.0,0.95,10511.0,0.949,1936.0,0.948,500.0,0.953,29907.0,0.954,11000.0,0.955,22211.0,0.956,33665.0,0.957,24250.0,10.0,20150826104629,-0.003,-0.31,0.963,0.951,0.953,464002.0,4425.0,0.0,0.0,1.26,0.0,0.0,0.0,-1.0,-1.0,0.16,0.346,0.244,0.25
0,sz150085,0.952,0.955,0.963,464002.0,234863.0,229139.0,0.952,7382.0,0.951,21575.0,0.95,10511.0,0.949,1936.0,0.948,500.0,0.953,32091.0,0.954,11000.0,0.955,22211.0,0.956,33665.0,0.957,24250.0,10.0,20150826104632,-0.003,-0.31,0.963,0.951,0.953,464002.0,4425.0,0.0,0.0,1.26,0.0,0.0,0.0,-1.0,-1.0,0.16,0.346,0.244,0.25
0,sz150085,0.952,0.955,0.963,464002.0,234863.0,229139.0,0.952,7382.0,0.951,21575.0,0.95,10511.0,0.949,1936.0,0.948,500.0,0.953,32091.0,0.954,11000.0,0.955,22211.0,0.956,33665.0,0.957,24250.0,10.0,20150826104638,-0.003,-0.31,0.963,0.951,0.953,464002.0,4425.0,0.0,0.0,1.26,0.0,0.0,0.0,-1.0,-1.0,0.16,0.346,0.244,0.25
0,sz150085,0.952,0.955,0.963,464002.0,234863.0,229139.0,0.952,7382.0,0.951,21575.0,0.95,10511.0,0.949,1936.0,0.948,600.0,0.953,32091.0,0.954,11000.0,0.955,22211.0,0.956,33665.0,0.957,24250.0,10.0,20150826104644,-0.003,-0.31,0.963,0.951,0.953,464002.0,4425.0,0.0,0.0,1.26,0.0,0.0,0.0,-1.0,-1.0,0.16,0.346,0.244,0.25
0,sz150085,0.953,0.955,0.963,464006.0,234867.0,229139.0,0.952,9802.0,0.951,21575.0,0.95,10511.0,0.949,1936.0,0.948,600.0,0.953,32087.0,0.954,11000.0,0.955,22211.0,0.956,33665.0,0.957,24250.0,10.0,20150826104656,-0.002,-0.21,0.963,0.951,0.953,464006.0,4425.0,0.0,0.0,1.26,0.0,0.0,0.0,-1.0,-1.0,0.16,0.346,0.244,0.25
0,sz150085,0.953,0.955,0.963,464006.0,234867.0,229139.0,0.952,9802.0,0.951,21575.0,0.95,10511.0,0.949,1936.0,0.948,600.0,0.953,32087.0,0.954,11000.0,0.955,22211.0,0.956,33665.0,0.957,24250.0,10.0,20150826104705,-0.002,-0.21,0.963,0.951,0.953,464006.0,4425.0,0.0,0.0,1.26,0.0,0.0,0.0,-1.0,-1.0,0.16,0.346,0.244,0.25
0,sz150085,0.953,0.955,0.963,464006.0,234867.0,229139.0,0.952,20202.0,0.951,21575.0,0.95,10511.0,0.949,1936.0,0.948,600.0,0.953,32087.0,0.954,11000.0,0.955,22211.0,0.956,33665.0,0.957,24250.0,10.0,20150826104708,-0.002,-0.21,0.963,0.951,0.953,464006.0,4425.0,0.0,0.0,1.26,0.0,0.0,0.0,-1.0,-1.0,0.16,0.346,0.244,0.25
0,sz150085,0.952,0.955,0.963,484006.0,234867.0,249139.0,0.952,202.0,0.951,21575.0,0.95,10511.0,0.949,1936.0,0.948,600.0,0.953,32087.0,0.954,11000.0,0.955,22211.0,0.956,33665.0,0.957,24250.0,10.0,20150826104714,-0.003,-0.31,0.963,0.951,0.953,484006.0,4615.0,0.0,0.0,1.26,0.0,0.0,0.0,-1.0,-1.0,0.154,0.331,0.276,0.239
0,sz150085,0.952,0.955,0.963,484338.0,234997.0,249341.0,0.951,21575.0,0.95,10511.0,0.949,1936.0,0.948,600.0,0.947,3380.0,0.952,1117.0,0.953,32087.0,0.954,11000.0,0.955,22211.0,0.956,33665.0,10.0,20150826104720,-0.003,-0.31,0.963,0.951,0.953,484338.0,4618.0,0.0,0.0,1.26,0.0,0.0,0.0,-1.0,-1.0,0.154,0.331,0.275,0.239
0,sz150085,0.952,0.955,0.963,484338.0,234997.0,249341.0,0.951,21575.0,0.95,10511.0,0.949,1936.0,0.948,600.0,0.947,3380.0,0.952,1117.0,0.953,32087.0,0.954,11000.0,0.955,22211.0,0.956,33665.0,10.0,20150826104726,-0.003,-0.31,0.963,0.951,0.953,484338.0,4618.0,0.0,0.0,1.26,0.0,0.0,0.0,-1.0,-1.0,0.154,0.331,0.275,0.239
0,sz150085,0.952,0.955,0.963,484339.0,234998.0,249341.0,0.951,21575.0,0.95,10511.0,0.949,1936.0,0.948,600.0,0.947,3380.0,0.952,1226.0,0.953,32087.0,0.954,11000.0,0.955,22211.0,0.956,33665.0,10.0,20150826104729,-0.003,-0.31,0.963,0.951,0.953,484339.0,4618.0,0.0,0.0,1.26,0.0,0.0,0.0,-1.0,-1.0,0.154,0.331,0.275,0.239
0,sz150085,0.952,0.955,0.963,484339.0,234998.0,249341.0,0.951,21575.0,0.95,10511.0,0.949,1936.0,0.948,600.0,0.947,3380.0,0.952,31226.0,0.953,32087.0,0.954,11000.0,0.955,22211.0,0.956,33665.0,10.0,20150826104738,-0.003,-0.31,0.963,0.951,0.953,484339.0,4618.0,0.0,0.0,1.26,0.0,0.0,0.0,-1.0,-1.0,0.154,0.331,0.275,0.239
0,sz150085,0.952,0.955,0.963,484639.0,235298.0,249341.0,0.951,21575.0,0.95,10511.0,0.949,1936.0,0.948,600.0,0.947,3380.0,0.952,30926.0,0.953,32087.0,0.954,11000.0,0.955,22211.0,0.956,33665.0,10.0,20150826104744,-0.003,-0.31,0.963,0.951,0.953,484639.0,4621.0,0.0,0.0,1.26,0.0,0.0,0.0,-1.0,-1.0,0.154,0.331,0.275,0.239
0,sz150085,0.952,0.955,0.963,484639.0,235298.0,249341.0,0.951,21575.0,0.95,10811.0,0.949,1936.0,0.948,600.0,0.947,3380.0,0.952,30926.0,0.953,32087.0,0.954,11000.0,0.955,22211.0,0.956,33665.0,10.0,20150826104747,-0.003,-0.31,0.963,0.951,0.953,484639.0,4621.0,0.0,0.0,1.26,0.0,0.0,0.0,-1.0,-1.0,0.154,0.332,0.275,0.239
0,sz150085,0.952,0.955,0.963,484639.0,235298.0,249341.0,0.951,21575.0,0.95,10811.0,0.949,1936.0,0.948,600.0,0.947,3380.0,0.952,30926.0,0.953,32087.0,0.954,11000.0,0.955,22211.0,0.956,33665.0,10.0,20150826104753,-0.003,-0.31,0.963,0.951,0.953,484639.0,4621.0,0.0,0.0,1.26,0.0,0.0,0.0,-1.0,-1.0,0.154,0.332,0.275,0.239
0,sz150085,0.952,0.955,0.963,484639.0,235298.0,249341.0,0.951,21775.0,0.95,10811.0,0.949,1936.0,0.948,600.0,0.947,3380.0,0.952,35926.0,0.953,32087.0,0.954,11000.0,0.955,22211.0,0.956,33665.0,10.0,20150826104759,-0.003,-0.31,0.963,0.951,0.953,484639.0,4621.0,0.0,0.0,1.26,0.0,0.0,0.0,-1.0,-1.0,0.154,0.332,0.275,0.239
0,sz150085,0.952,0.955,0.963,484639.0,235298.0,249341.0,0.951,21775.0,0.95,10811.0,0.949,1936.0,0.948,600.0,0.947,3380.0,0.952,35926.0,0.953,32087.0,0.954,11000.0,0.955,22211.0,0.956,33665.0,10.0,20150826104808,-0.003,-0.31,0.963,0.951,0.953,484639.0,4621.0,0.0,0.0,1.26,0.0,0.0,0.0,-1.0,-1.0,0.154,0.332,0.275,0.239
0,sz150085,0.952,0.955,0.963,484639.0,235298.0,249341.0,0.951,21775.0,0.95,10811.0,0.949,1936.0,0.948,600.0,0.947,3380.0,0.952,35926.0,0.953,32087.0,0.954,11000.0,0.955,22211.0,0.956,33665.0,10.0,20150826104814,-0.003,-0.31,0.963,0.951,0.953,484639.0,4621.0,0.0,0.0,1.26,0.0,0.0,0.0,-1.0,-1.0,0.154,0.332,0.275,0.239
0,sz150085,0.951,0.955,0.963,485639.0,235298.0,250341.0,0.951,20775.0,0.95,10861.0,0.949,1936.0,0.948,600.0,0.947,3380.0,0.952,36448.0,0.953,32087.0,0.954,11000.0,0.955,22211.0,0.956,33665.0,10.0,20150826104820,-0.004,-0.42,0.963,0.951,0.952,485639.0,4631.0,0.0,0.0,1.26,0.0,0.0,0.0,-1.0,-1.0,0.153,0.331,0.275,0.241
0,sz150085,0.951,0.955,0.963,506565.0,235298.0,271267.0,0.95,10861.0,0.949,1936.0,0.948,600.0,0.947,3380.0,0.946,3500.0,0.951,9074.0,0.952,36448.0,0.953,32087.0,0.954,11000.0,0.955,22211.0,10.0,20150826104826,-0.004,-0.42,0.963,0.951,0.952,506565.0,4830.0,0.0,0.0,1.26,0.0,0.0,0.0,-1.0,-1.0,0.147,0.317,0.305,0.231
0,sz150085,0.951,0.955,0.963,506565.0,235298.0,271267.0,0.95,10861.0,0.949,1936.0,0.948,600.0,0.947,3380.0,0.946,3500.0,0.951,9074.0,0.952,36448.0,0.953,32087.0,0.954,11000.0,0.955,22211.0,10.0,20150826104829,-0.004,-0.42,0.963,0.951,0.952,506565.0,4830.0,0.0,0.0,1.26,0.0,0.0,0.0,-1.0,-1.0,0.147,0.317,0.305,0.231
0,sz150085,0.951,0.955,0.963,506565.0,235298.0,271267.0,0.95,10861.0,0.949,1936.0,0.948,700.0,0.947,3380.0,0.946,3500.0,0.951,9074.0,0.952,36448.0,0.953,32087.0,0.954,11000.0,0.955,23211.0,10.0,20150826104841,-0.004,-0.42,0.963,0.951,0.952,506565.0,4830.0,0.0,0.0,1.26,0.0,0.0,0.0,-1.0,-1.0,0.147,0.317,0.305,0.231
0,sz150085,0.951,0.955,0.963,516585.0,245318.0,271267.0,0.95,861.0,0.949,1936.0,0.948,700.0,0.947,3380.0,0.946,3500.0,0.951,9054.0,0.952,36448.0,0.953,32087.0,0.954,11000.0,0.955,23211.0,10.0,20150826104844,-0.004,-0.42,0.963,0.95,0.952,516585.0,4925.0,0.0,0.0,1.36,0.0,0.0,0.0,-1.0,-1.0,0.147,0.317,0.305,0.231
0,sz150085,0.951,0.955,0.963,516585.0,245318.0,271267.0,0.95,861.0,0.949,1936.0,0.948,700.0,0.947,3380.0,0.946,3600.0,0.951,9054.0,0.952,36448.0,0.953,32087.0,0.954,11000.0,0.955,23211.0,10.0,20150826104850,-0.004,-0.42,0.963,0.95,0.952,516585.0,4925.0,0.0,0.0,1.36,0.0,0.0,0.0,-1.0,-1.0,0.144,0.331,0.299,0.226
0,sz150085,0.95,0.955,0.963,517446.0,245318.0,272128.0,0.949,1936.0,0.948,700.0,0.947,3380.0,0.946,3600.0,0.945,3148.0,0.95,9139.0,0.951,9054.0,0.952,36448.0,0.953,32087.0,0.954,11000.0,10.0,20150826104859,-0.005,-0.52,0.963,0.95,0.952,517446.0,4933.0,0.0,0.0,1.36,0.0,0.0,0.0,-1.0,-1.0,0.144,0.331,0.299,0.226
0,sz150085,0.95,0.955,0.963,517446.0,245318.0,272128.0,0.949,1936.0,0.948,900.0,0.947,3380.0,0.946,3600.0,0.945,3148.0,0.95,9189.0,0.951,9054.0,0.952,36448.0,0.953,32087.0,0.954,11000.0,10.0,20150826104902,-0.005,-0.52,0.963,0.95,0.95,517446.0,4933.0,0.0,0.0,1.36,0.0,0.0,0.0,-1.0,-1.0,0.144,0.33,0.298,0.228
0,sz150085,0.95,0.955,0.963,517447.0,245319.0,272128.0,0.949,1936.0,0.948,900.0,0.947,3380.0,0.946,3600.0,0.945,3148.0,0.95,10188.0,0.951,9054.0,0.952,36496.0,0.953,32087.0,0.954,11000.0,10.0,20150826104911,-0.005,-0.52,0.963,0.95,0.95,517447.0,4933.0,0.0,0.0,1.36,0.0,0.0,0.0,-1.0,-1.0,0.144,0.331,0.298,0.227
0,sz150085,0.95,0.955,0.963,518075.0,245947.0,272128.0,0.949,1936.0,0.948,900.0,0.947,3380.0,0.946,3600.0,0.945,3148.0,0.95,9560.0,0.951,9054.0,0.952,36496.0,0.953,32087.0,0.954,11000.0,10.0,20150826104917,-0.005,-0.52,0.963,0.95,0.95,518075.0,4939.0,0.0,0.0,1.36,0.0,0.0,0.0,-1.0,-1.0,0.144,0.331,0.298,0.227
0,sz150085,0.949,0.955,0.963,518675.0,245947.0,272728.0,0.949,1336.0,0.948,900.0,0.947,3380.0,0.946,3600.0,0.945,3148.0,0.95,9560.0,0.951,9054.0,0.952,36496.0,0.953,32087.0,0.954,11000.0,10.0,20150826104923,-0.006,-0.63,0.963,0.949,0.95,518675.0,4945.0,0.0,0.0,1.47,0.0,0.0,0.0,-1.0,-1.0,0.143,0.331,0.298,0.228
0,sz150085,0.951,0.955,0.963,538190.0,264562.0,273628.0,0.951,15384.0,0.949,5436.0,0.948,900.0,0.947,3380.0,0.946,3600.0,0.952,36496.0,0.953,32087.0,0.954,11000.0,0.955,13211.0,0.956,33765.0,10.0,20150826104932,-0.004,-0.42,0.963,0.949,0.95,538190.0,5130.0,0.0,0.0,1.47,0.0,0.0,0.0,-1.0,-1.0,0.143,0.33,0.297,0.23
0,sz150085,0.951,0.955,0.963,538190.0,264562.0,273628.0,0.951,15384.0,0.949,5436.0,0.948,900.0,0.947,3380.0,0.946,3600.0,0.952,36496.0,0.953,32087.0,0.954,11000.0,0.955,13211.0,0.956,33765.0,10.0,20150826104938,-0.004,-0.42,0.963,0.949,0.95,538190.0,5130.0,0.0,0.0,1.47,0.0,0.0,0.0,-1.0,-1.0,0.173,0.319,0.287,0.222
0,sz150085,0.951,0.955,0.963,548190.0,264562.0,283628.0,0.951,5384.0,0.949,5436.0,0.948,1600.0,0.947,3380.0,0.946,3600.0,0.952,45246.0,0.953,32087.0,0.954,11000.0,0.955,13211.0,0.956,33765.0,10.0,20150826104944,-0.004,-0.42,0.963,0.949,0.95,548190.0,5225.0,0.0,0.0,1.47,0.0,0.0,0.0,-1.0,-1.0,0.17,0.313,0.282,0.236
0,sz150085,0.951,0.955,0.963,553575.0,264562.0,289013.0,0.95,10.0,0.949,5476.0,0.948,1600.0,0.947,3380.0,0.946,3600.0,0.951,5615.0,0.952,45246.0,0.953,32087.0,0.954,11000.0,0.955,13211.0,10.0,20150826104953,-0.004,-0.42,0.963,0.949,0.95,553575.0,5276.0,0.0,0.0,1.47,0.0,0.0,0.0,-1.0,-1.0,0.17,0.313,0.282,0.236
0,sz150085,0.951,0.955,0.963,553575.0,264562.0,289013.0,0.95,10.0,0.949,5476.0,0.948,1600.0,0.947,3380.0,0.946,3600.0,0.951,5615.0,0.952,45246.0,0.953,32087.0,0.954,11000.0,0.955,13211.0,10.0,20150826104959,-0.004,-0.42,0.963,0.949,0.95,553575.0,5276.0,0.0,0.0,1.47,0.0,0.0,0.0,-1.0,-1.0,0.168,0.31,0.279,0.243
0,sz150085,0.951,0.955,0.963,559190.0,270177.0,289013.0,0.951,4384.0,0.95,10.0,0.949,5476.0,0.948,1600.0,0.947,3380.0,0.952,45246.0,0.953,32087.0,0.954,11000.0,0.955,13211.0,0.956,33765.0,10.0,20150826105002,-0.004,-0.42,0.963,0.949,0.95,559190.0,5330.0,0.0,0.0,1.47,0.0,0.0,0.0,-1.0,-1.0,0.166,0.317,0.276,0.241
0,sz150085,0.951,0.955,0.963,559960.0,270177.0,289783.0,0.951,5124.0,0.95,9020.0,0.949,5476.0,0.948,1600.0,0.947,3380.0,0.952,45250.0,0.953,32087.0,0.954,11000.0,0.955,13211.0,0.956,33765.0,10.0,20150826105014,-0.004,-0.42,0.963,0.949,0.951,559960.0,5337.0,0.0,0.0,1.47,0.0,0.0,0.0,-1.0,-1.0,0.166,0.317,0.276,0.241
0,sz150085,0.952,0.955,0.963,561160.0,271277.0,289883.0,0.951,11044.0,0.95,9120.0,0.949,5476.0,0.948,1600.0,0.947,3380.0,0.952,45150.0,0.953,32087.0,0.954,11000.0,0.955,13211.0,0.956,33765.0,10.0,20150826105023,-0.003,-0.31,0.963,0.949,0.951,561160.0,5349.0,0.0,0.0,1.47,0.0,0.0,0.0,-1.0,-1.0,0.166,0.317,0.275,0.242
0,sz150085,0.952,0.955,0.963,563334.0,273451.0,289883.0,0.951,11044.0,0.95,14620.0,0.949,5476.0,0.948,1600.0,0.947,3380.0,0.952,42976.0,0.953,32087.0,0.954,11000.0,0.955,13211.0,0.956,33765.0,10.0,20150826105032,-0.003,-0.31,0.963,0.949,0.951,563334.0,5369.0,0.0,0.0,1.47,0.0,0.0,0.0,-1.0,-1.0,0.165,0.32,0.274,0.241
0,sz150085,0.952,0.955,0.963,563349.0,273466.0,289883.0,0.951,11044.0,0.95,14620.0,0.949,5476.0,0.948,1600.0,0.947,3380.0,0.952,42961.0,0.953,32087.0,0.954,11000.0,0.955,13211.0,0.956,33765.0,10.0,20150826105038,-0.003,-0.31,0.963,0.949,0.951,563349.0,5369.0,0.0,0.0,1.47,0.0,0.0,0.0,-1.0,-1.0,0.165,0.32,0.274,0.241
0,sz150085,0.952,0.955,0.963,563349.0,273466.0,289883.0,0.951,11044.0,0.95,14920.0,0.949,476.0,0.948,1600.0,0.947,3380.0,0.952,42961.0,0.953,32087.0,0.954,11000.0,0.955,13211.0,0.956,33765.0,10.0,20150826105047,-0.003,-0.31,0.963,0.949,0.951,563349.0,5369.0,0.0,0.0,1.47,0.0,0.0,0.0,-1.0,-1.0,0.165,0.32,0.274,0.241
0,sz150085,0.952,0.955,0.963,564849.0,274966.0,289883.0,0.951,9544.0,0.95,14820.0,0.949,9476.0,0.948,1600.0,0.947,3380.0,0.952,41461.0,0.953,32087.0,0.954,11000.0,0.955,13211.0,0.956,33765.0,10.0,20150826105053,-0.003,-0.31,0.963,0.949,0.951,564849.0,5384.0,0.0,0.0,1.47,0.0,0.0,0.0,-1.0,-1.0,0.165,0.322,0.273,0.24
0,sz150085,0.952,0.955,0.963,564849.0,274966.0,289883.0,0.951,9544.0,0.95,14820.0,0.949,9476.0,0.948,1600.0,0.947,3380.0,0.952,41461.0,0.953,32087.0,0.954,11000.0,0.955,13211.0,0.956,33765.0,10.0,20150826105059,-0.003,-0.31,0.963,0.949,0.951,564849.0,5384.0,0.0,0.0,1.47,0.0,0.0,0.0,-1.0,-1.0,0.165,0.322,0.273,0.24
0,sz150085,0.952,0.955,0.963,564849.0,274966.0,289883.0,0.951,9544.0,0.95,14820.0,0.949,9476.0,0.948,1600.0,0.947,3380.0,0.952,41461.0,0.953,32087.0,0.954,11000.0,0.955,13211.0,0.956,33765.0,10.0,20150826105108,-0.003,-0.31,0.963,0.949,0.951,564849.0,5384.0,0.0,0.0,1.47,0.0,0.0,0.0,-1.0,-1.0,0.165,0.322,0.273,0.24
0,sz150085,0.951,0.955,0.963,565149.0,274966.0,290183.0,0.951,9784.0,0.95,14820.0,0.949,9476.0,0.948,1600.0,0.947,3380.0,0.952,41461.0,0.953,32087.0,0.954,11000.0,0.955,13211.0,0.956,33765.0,10.0,20150826105114,-0.004,-0.42,0.963,0.949,0.952,565149.0,5387.0,0.0,0.0,1.47,0.0,0.0,0.0,-1.0,-1.0,0.165,0.322,0.273,0.24
0,sz150085,0.951,0.955,0.963,565149.0,274966.0,290183.0,0.951,9784.0,0.95,14820.0,0.949,9476.0,0.948,1600.0,0.947,3380.0,0.952,41461.0,0.953,32087.0,0.954,11000.0,0.955,13211.0,0.956,33765.0,10.0,20150826105123,-0.004,-0.42,0.963,0.949,0.952,565149.0,5387.0,0.0,0.0,1.47,0.0,0.0,0.0,-1.0,-1.0,0.165,0.322,0.273,0.24
0,sz150085,0.951,0.955,0.963,565149.0,274966.0,290183.0,0.951,9784.0,0.95,14820.0,0.949,9476.0,0.948,1600.0,0.947,3380.0,0.952,41461.0,0.953,32087.0,0.954,11000.0,0.955,13211.0,0.956,33765.0,10.0,20150826105132,-0.004,-0.42,0.963,0.949,0.952,565149.0,5387.0,0.0,0.0,1.47,0.0,0.0,0.0,-1.0,-1.0,0.165,0.322,0.273,0.24
0,sz150085,0.951,0.955,0.963,565149.0,274966.0,290183.0,0.951,10410.0,0.95,14820.0,0.949,9476.0,0.948,1600.0,0.947,3380.0,0.952,41461.0,0.953,32087.0,0.954,11000.0,0.955,13211.0,0.956,33765.0,10.0,20150826105141,-0.004,-0.42,0.963,0.949,0.952,565149.0,5387.0,0.0,0.0,1.47,0.0,0.0,0.0,-1.0,-1.0,0.165,0.322,0.273,0.24
0,sz150085,0.951,0.955,0.963,575288.0,274966.0,300322.0,0.951,371.0,0.95,14820.0,0.949,9476.0,0.948,1600.0,0.947,3380.0,0.952,41361.0,0.953,32087.0,0.954,11000.0,0.955,13211.0,0.956,33765.0,10.0,20150826105147,-0.004,-0.42,0.963,0.949,0.952,575288.0,5483.0,0.0,0.0,1.47,0.0,0.0,0.0,-1.0,-1.0,0.162,0.316,0.268,0.254
0,sz150085,0.951,0.955,0.963,575288.0,274966.0,300322.0,0.951,386.0,0.95,14820.0,0.949,9476.0,0.948,1600.0,0.947,3380.0,0.952,41361.0,0.953,32087.0,0.954,11000.0,0.955,13211.0,0.956,33765.0,10.0,20150826105153,-0.004,-0.42,0.963,0.949,0.952,575288.0,5483.0,0.0,0.0,1.47,0.0,0.0,0.0,-1.0,-1.0,0.162,0.316,0.268,0.254
0,sz150085,0.952,0.955,0.963,577288.0,276966.0,300322.0,0.951,9386.0,0.95,14820.0,0.949,19376.0,0.948,1600.0,0.947,3380.0,0.952,39361.0,0.953,32087.0,0.954,11000.0,0.955,13211.0,0.956,33765.0,10.0,20150826105202,-0.003,-0.31,0.963,0.949,0.952,577288.0,5502.0,0.0,0.0,1.47,0.0,0.0,0.0,-1.0,-1.0,0.161,0.318,0.267,0.253
0,sz150085,0.951,0.955,0.963,586745.0,276966.0,309779.0,0.95,14820.0,0.949,19376.0,0.948,1600.0,0.947,3380.0,0.946,3600.0,0.951,1074.0,0.952,39361.0,0.953,32087.0,0.954,11000.0,0.955,13211.0,10.0,20150826105208,-0.004,-0.42,0.963,0.949,0.952,586745.0,5592.0,0.0,0.0,1.47,0.0,0.0,0.0,-1.0,-1.0,0.159,0.313,0.263,0.265
0,sz150085,0.951,0.955,0.963,586957.0,277178.0,309779.0,0.95,14820.0,0.949,19426.0,0.948,1600.0,0.947,3380.0,0.946,3600.0,0.951,862.0,0.952,39361.0,0.953,32087.0,0.954,11000.0,0.955,13211.0,10.0,20150826105217,-0.004,-0.42,0.963,0.949,0.952,586957.0,5594.0,0.0,0.0,1.47,0.0,0.0,0.0,-1.0,-1.0,0.159,0.314,0.263,0.265
0,sz150085,0.951,0.955,0.963,586957.0,277178.0,309779.0,0.95,14820.0,0.949,19426.0,0.948,1600.0,0.947,3380.0,0.946,3600.0,0.951,862.0,0.952,39361.0,0.953,32087.0,0.954,11000.0,0.955,13211.0,10.0,20150826105223,-0.004,-0.42,0.963,0.949,0.952,586957.0,5594.0,0.0,0.0,1.47,0.0,0.0,0.0,-1.0,-1.0,0.158,0.314,0.263,0.265
0,sz150085,0.951,0.955,0.963,587457.0,277678.0,309779.0,0.95,14820.0,0.949,19426.0,0.948,1600.0,0.947,3430.0,0.946,3600.0,0.951,362.0,0.952,39361.0,0.953,32087.0,0.954,11000.0,0.955,13211.0,10.0,20150826105232,-0.004,-0.42,0.963,0.949,0.952,587457.0,5599.0,0.0,0.0,1.47,0.0,0.0,0.0,-1.0,-1.0,0.158,0.314,0.263,0.265
0,sz150085,0.951,0.955,0.963,587819.0,278040.0,309779.0,0.951,551.0,0.95,15820.0,0.949,19426.0,0.948,1600.0,0.947,3430.0,0.952,39361.0,0.953,32087.0,0.954,11000.0,0.955,13211.0,0.956,33765.0,10.0,20150826105241,-0.004,-0.42,0.963,0.949,0.952,587819.0,5602.0,0.0,0.0,1.47,0.0,0.0,0.0,-1.0,-1.0,0.157,0.312,0.26,0.271
0,sz150085,0.95,0.955,0.963,593186.0,278040.0,315146.0,0.95,11004.0,0.949,19426.0,0.948,1600.0,0.947,3430.0,0.946,3600.0,0.952,39361.0,0.953,32087.0,0.954,11000.0,0.955,13211.0,0.956,33765.0,10.0,20150826105250,-0.005,-0.52,0.963,0.949,0.952,593186.0,5653.0,0.0,0.0,1.47,0.0,0.0,0.0,-1.0,-1.0,0.157,0.312,0.26,0.271
0,sz150085,0.95,0.955,0.963,593186.0,278040.0,315146.0,0.95,20004.0,0.949,19426.0,0.948,1600.0,0.947,3430.0,0.946,3600.0,0.952,39361.0,0.953,32087.0,0.954,11000.0,0.955,13211.0,0.956,33765.0,10.0,20150826105259,-0.005,-0.52,0.963,0.949,0.952,593186.0,5653.0,0.0,0.0,1.47,0.0,0.0,0.0,-1.0,-1.0,0.157,0.312,0.26,0.271
0,sz150085,0.95,0.955,0.963,593186.0,278040.0,315146.0,0.951,1000.0,0.95,20874.0,0.949,19426.0,0.948,1600.0,0.947,3430.0,0.952,39361.0,0.953,32087.0,0.954,11000.0,0.955,13211.0,0.956,33765.0,10.0,20150826105305,-0.005,-0.52,0.963,0.949,0.95,593186.0,5653.0,0.0,0.0,1.47,0.0,0.0,0.0,-1.0,-1.0,0.157,0.312,0.26,0.271
0,sz150085,0.95,0.955,0.963,593186.0,278040.0,315146.0,0.951,1000.0,0.95,20974.0,0.949,19426.0,0.948,1600.0,0.947,3430.0,0.952,39367.0,0.953,32087.0,0.954,11000.0,0.955,13211.0,0.956,33765.0,10.0,20150826105314,-0.005,-0.52,0.963,0.949,0.95,593186.0,5653.0,0.0,0.0,1.47,0.0,0.0,0.0,-1.0,-1.0,0.157,0.312,0.26,0.271
0,sz150085,0.951,0.955,0.963,594679.0,278040.0,316639.0,0.951,8507.0,0.95,20974.0,0.949,19426.0,0.948,1600.0,0.947,3430.0,0.952,39367.0,0.953,32087.0,0.954,11000.0,0.955,13211.0,0.956,33765.0,10.0,20150826105323,-0.004,-0.42,0.963,0.949,0.95,594679.0,5667.0,0.0,0.0,1.47,0.0,0.0,0.0,-1.0,-1.0,0.156,0.311,0.259,0.273
0,sz150085,0.951,0.955,0.963,594679.0,278040.0,316639.0,0.951,8507.0,0.95,20974.0,0.949,19426.0,0.948,1600.0,0.947,3430.0,0.952,39367.0,0.953,32087.0,0.954,11000.0,0.955,13211.0,0.956,33765.0,10.0,20150826105332,-0.004,-0.42,0.963,0.949,0.95,594679.0,5667.0,0.0,0.0,1.47,0.0,0.0,0.0,-1.0,-1.0,0.156,0.311,0.259,0.273
0,sz150085,0.951,0.955,0.963,594679.0,278040.0,316639.0,0.951,8507.0,0.95,30974.0,0.949,19426.0,0.948,1600.0,0.947,3430.0,0.952,39367.0,0.953,32087.0,0.954,11000.0,0.955,13211.0,0.956,33765.0,10.0,20150826105338,-0.004,-0.42,0.963,0.949,0.95,594679.0,5667.0,0.0,0.0,1.47,0.0,0.0,0.0,-1.0,-1.0,0.156,0.311,0.259,0.273
0,sz150085,0.951,0.955,0.963,594679.0,278040.0,316639.0,0.951,8507.0,0.95,40974.0,0.949,19386.0,0.948,1600.0,0.947,3430.0,0.952,39367.0,0.953,32087.0,0.954,11000.0,0.955,13211.0,0.956,33765.0,10.0,20150826105350,-0.004,-0.42,0.963,0.949,0.95,594679.0,5667.0,0.0,0.0,1.47,0.0,0.0,0.0,-1.0,-1.0,0.156,0.311,0.259,0.273
0,sz150085,0.951,0.955,0.963,594679.0,278040.0,316639.0,0.951,8507.0,0.95,40974.0,0.949,19386.0,0.948,1600.0,0.947,3430.0,0.952,39367.0,0.953,32087.0,0.954,11000.0,0.955,13211.0,0.956,33765.0,10.0,20150826105356,-0.004,-0.42,0.963,0.949,0.95,594679.0,5667.0,0.0,0.0,1.47,0.0,0.0,0.0,-1.0,-1.0,0.156,0.311,0.259,0.273
0,sz150085,0.951,0.955,0.963,594679.0,278040.0,316639.0,0.951,9347.0,0.95,40974.0,0.949,19386.0,0.948,1600.0,0.947,3430.0,0.952,39367.0,0.953,32087.0,0.954,11000.0,0.955,13211.0,0.956,33765.0,10.0,20150826105405,-0.004,-0.42,0.963,0.949,0.951,594679.0,5667.0,0.0,0.0,1.47,0.0,0.0,0.0,-1.0,-1.0,0.156,0.311,0.259,0.273
0,sz150085,0.951,0.955,0.963,594679.0,278040.0,316639.0,0.951,9347.0,0.95,40974.0,0.949,19386.0,0.948,1600.0,0.947,3430.0,0.952,39367.0,0.953,32087.0,0.954,11000.0,0.955,13211.0,0.956,33765.0,10.0,20150826105414,-0.004,-0.42,0.963,0.949,0.951,594679.0,5667.0,0.0,0.0,1.47,0.0,0.0,0.0,-1.0,-1.0,0.156,0.311,0.259,0.273
0,sz150085,0.951,0.955,0.963,594679.0,278040.0,316639.0,0.951,9397.0,0.95,40974.0,0.949,19386.0,0.948,1600.0,0.947,3430.0,0.952,39367.0,0.953,32087.0,0.954,11000.0,0.955,13211.0,0.956,33765.0,10.0,20150826105420,-0.004,-0.42,0.963,0.949,0.951,594679.0,5667.0,0.0,0.0,1.47,0.0,0.0,0.0,-1.0,-1.0,0.156,0.311,0.259,0.273
0,sz150085,0.951,0.955,0.963,594679.0,278040.0,316639.0,0.951,9897.0,0.95,40974.0,0.949,19386.0,0.948,1600.0,0.947,3430.0,0.952,39367.0,0.953,32087.0,0.954,11000.0,0.955,13211.0,0.956,33765.0,10.0,20150826105429,-0.004,-0.42,0.963,0.949,0.951,594679.0,5667.0,0.0,0.0,1.47,0.0,0.0,0.0,-1.0,-1.0,0.156,0.311,0.259,0.273
0,sz150085,0.952,0.955,0.963,595279.0,278640.0,316639.0,0.951,9897.0,0.95,40974.0,0.949,19386.0,0.948,1600.0,0.947,3430.0,0.952,38767.0,0.953,32087.0,0.954,11000.0,0.955,13211.0,0.956,33765.0,10.0,20150826105438,-0.003,-0.31,0.963,0.949,0.951,595279.0,5673.0,0.0,0.0,1.47,0.0,0.0,0.0,-1.0,-1.0,0.156,0.312,0.259,0.273
0,sz150085,0.951,0.955,0.963,595329.0,278640.0,316689.0,0.951,15847.0,0.95,40974.0,0.949,19386.0,0.948,1600.0,0.947,3430.0,0.952,38719.0,0.953,32087.0,0.954,11000.0,0.955,13211.0,0.956,33765.0,10.0,20150826105447,-0.004,-0.42,0.963,0.949,0.951,595329.0,5674.0,0.0,0.0,1.47,0.0,0.0,0.0,-1.0,-1.0,0.156,0.312,0.259,0.273
0,sz150085,0.951,0.955,0.963,595329.0,278640.0,316689.0,0.951,16647.0,0.95,40974.0,0.949,19386.0,0.948,1600.0,0.947,3430.0,0.952,38719.0,0.953,32087.0,0.954,11000.0,0.955,13211.0,0.956,33765.0,10.0,20150826105456,-0.004,-0.42,0.963,0.949,0.951,595329.0,5674.0,0.0,0.0,1.47,0.0,0.0,0.0,-1.0,-1.0,0.156,0.312,0.259,0.273
0,sz150085,0.952,0.955,0.963,595429.0,278740.0,316689.0,0.951,16647.0,0.95,40974.0,0.949,19386.0,0.948,1600.0,0.947,3430.0,0.952,38619.0,0.953,32087.0,0.954,11000.0,0.955,13211.0,0.956,33765.0,10.0,20150826105505,-0.003,-0.31,0.963,0.949,0.951,595429.0,5674.0,0.0,0.0,1.47,0.0,0.0,0.0,-1.0,-1.0,0.156,0.312,0.259,0.273
0,sz150085,0.952,0.955,0.963,604904.0,287740.0,317164.0,0.951,16672.0,0.95,40974.0,0.949,19386.0,0.948,1600.0,0.947,3430.0,0.952,29619.0,0.953,32087.0,0.954,11000.0,0.955,13211.0,0.956,33765.0,10.0,20150826105514,-0.003,-0.31,0.963,0.949,0.951,604904.0,5765.0,0.0,0.0,1.47,0.0,0.0,0.0,-1.0,-1.0,0.154,0.322,0.255,0.269
0,sz150085,0.952,0.955,0.963,632904.0,315740.0,317164.0,0.951,16672.0,0.95,40974.0,0.949,19386.0,0.948,1600.0,0.947,3430.0,0.952,1619.0,0.953,32387.0,0.954,11000.0,0.955,13211.0,0.956,33765.0,10.0,20150826105523,-0.003,-0.31,0.963,0.949,0.951,632904.0,6031.0,0.0,0.0,1.47,0.0,0.0,0.0,-1.0,-1.0,0.178,0.312,0.248,0.262
0,sz150085,0.952,0.955,0.963,634523.0,317359.0,317164.0,0.952,8380.0,0.951,16672.0,0.95,40974.0,0.949,19386.0,0.948,1600.0,0.953,32387.0,0.954,11000.0,0.955,13211.0,0.956,33765.0,0.957,24250.0,10.0,20150826105529,-0.003,-0.31,0.963,0.949,0.951,634523.0,6047.0,0.0,0.0,1.47,0.0,0.0,0.0,-1.0,-1.0,0.175,0.325,0.243,0.257
0,sz150085,0.952,0.955,0.963,634523.0,317359.0,317164.0,0.952,8480.0,0.951,16672.0,0.95,40974.0,0.949,19386.0,0.948,1800.0,0.953,32387.0,0.954,11000.0,0.955,13211.0,0.956,33765.0,0.957,24250.0,10.0,20150826105541,-0.003,-0.31,0.963,0.949,0.951,634523.0,6047.0,0.0,0.0,1.47,0.0,0.0,0.0,-1.0,-1.0,0.175,0.325,0.243,0.257
0,sz150085,0.952,0.955,0.963,634523.0,317359.0,317164.0,0.952,10120.0,0.951,16722.0,0.95,40974.0,0.949,19386.0,0.948,1800.0,0.953,32387.0,0.954,11000.0,0.955,13211.0,0.956,33765.0,0.957,24250.0,10.0,20150826105550,-0.003,-0.31,0.963,0.949,0.951,634523.0,6047.0,0.0,0.0,1.47,0.0,0.0,0.0,-1.0,-1.0,0.175,0.325,0.243,0.257
0,sz150085,0.953,0.955,0.963,635023.0,317859.0,317164.0,0.952,20120.0,0.951,21722.0,0.95,40974.0,0.949,19386.0,0.948,1800.0,0.953,31887.0,0.954,11000.0,0.955,13211.0,0.956,33765.0,0.957,24250.0,10.0,20150826105559,-0.002,-0.21,0.963,0.949,0.951,635023.0,6051.0,0.0,0.0,1.47,0.0,0.0,0.0,-1.0,-1.0,0.175,0.326,0.243,0.257
0,sz150085,0.953,0.955,0.963,635023.0,317859.0,317164.0,0.952,33133.0,0.951,21722.0,0.95,40974.0,0.949,19386.0,0.948,1800.0,0.953,31887.0,0.954,11000.0,0.955,13211.0,0.956,33765.0,0.957,24250.0,10.0,20150826105608,-0.002,-0.21,0.963,0.949,0.953,635023.0,6051.0,0.0,0.0,1.47,0.0,0.0,0.0,-1.0,-1.0,0.175,0.326,0.243,0.257
0,sz150085,0.953,0.955,0.963,635023.0,317859.0,317164.0,0.952,33133.0,0.951,21722.0,0.95,40974.0,0.949,19386.0,0.948,1800.0,0.953,31887.0,0.954,11000.0,0.955,13211.0,0.956,33765.0,0.957,24250.0,10.0,20150826105617,-0.002,-0.21,0.963,0.949,0.953,635023.0,6051.0,0.0,0.0,1.47,0.0,0.0,0.0,-1.0,-1.0,0.175,0.326,0.243,0.257
0,sz150085,0.953,0.955,0.963,635123.0,317959.0,317164.0,0.952,30133.0,0.951,21722.0,0.95,40974.0,0.949,19386.0,0.948,1800.0,0.953,31787.0,0.954,11000.0,0.955,13211.0,0.956,33765.0,0.957,24250.0,10.0,20150826105626,-0.002,-0.21,0.963,0.949,0.953,635123.0,6052.0,0.0,0.0,1.47,0.0,0.0,0.0,-1.0,-1.0,0.175,0.326,0.243,0.257
0,sz150085,0.953,0.955,0.963,649655.0,332491.0,317164.0,0.952,30133.0,0.951,21722.0,0.95,40974.0,0.949,19386.0,0.948,1800.0,0.953,17255.0,0.954,11000.0,0.955,13211.0,0.956,33765.0,0.957,24250.0,10.0,20150826105635,-0.002,-0.21,0.963,0.949,0.953,649655.0,6191.0,0.0,0.0,1.47,0.0,0.0,0.0,-1.0,-1.0,0.191,0.321,0.237,0.251
0,sz150085,0.953,0.955,0.963,649894.0,332730.0,317164.0,0.952,30133.0,0.951,21722.0,0.95,48243.0,0.949,19386.0,0.948,1800.0,0.953,17016.0,0.954,11000.0,0.955,13211.0,0.956,33765.0,0.957,24250.0,10.0,20150826105644,-0.002,-0.21,0.963,0.949,0.953,649894.0,6193.0,0.0,0.0,1.47,0.0,0.0,0.0,-1.0,-1.0,0.191,0.321,0.237,0.251
0,sz150085,0.954,0.955,0.963,666400.0,349236.0,317164.0,0.953,32984.0,0.952,30133.0,0.951,21722.0,0.95,48243.0,0.949,19386.0,0.954,10510.0,0.955,13211.0,0.956,33765.0,0.957,24250.0,0.958,1000.0,10.0,20150826105653,-0.001,-0.1,0.963,0.949,0.953,666400.0,6350.0,0.0,0.0,1.47,0.0,0.0,0.0,-1.0,-1.0,0.211,0.313,0.231,0.244
0,sz150085,0.954,0.955,0.963,676400.0,359236.0,317164.0,0.953,51784.0,0.952,30133.0,0.951,31622.0,0.95,48243.0,0.949,9486.0,0.954,510.0,0.955,13211.0,0.956,33765.0,0.957,24250.0,0.958,1000.0,10.0,20150826105702,-0.001,-0.1,0.963,0.949,0.953,676400.0,6446.0,0.0,0.0,1.47,0.0,0.0,0.0,-1.0,-1.0,0.208,0.323,0.228,0.241
0,sz150085,0.955,0.955,0.963,681400.0,364236.0,317164.0,0.953,46784.0,0.952,20.0,0.951,31622.0,0.95,40974.0,0.949,9486.0,0.955,13721.0,0.956,33765.0,0.957,24250.0,0.958,6000.0,0.959,10000.0,10.0,20150826105711,0.0,0.0,0.963,0.949,0.954,681400.0,6494.0,0.0,0.0,1.47,0.0,0.0,0.0,-1.0,-1.0,0.207,0.328,0.226,0.239
0,sz150085,0.953,0.955,0.963,682972.0,364236.0,318736.0,0.953,45212.0,0.952,20.0,0.951,31622.0,0.95,40974.0,0.949,9486.0,0.955,13721.0,0.956,33765.0,0.957,24250.0,0.958,6000.0,0.959,10000.0,10.0,20150826105720,-0.002,-0.21,0.963,0.949,0.954,682972.0,6509.0,0.0,0.0,1.47,0.0,0.0,0.0,-1.0,-1.0,0.206,0.327,0.226,0.241
0,sz150085,0.953,0.955,0.963,682972.0,364236.0,318736.0,0.954,1112.0,0.953,45212.0,0.952,1020.0,0.951,31622.0,0.95,41184.0,0.955,13721.0,0.956,33765.0,0.957,24250.0,0.958,6000.0,0.959,10000.0,10.0,20150826105732,-0.002,-0.21,0.963,0.949,0.954,682972.0,6509.0,0.0,0.0,1.47,0.0,0.0,0.0,-1.0,-1.0,0.206,0.327,0.226,0.241
0,sz150085,0.954,0.955,0.963,683022.0,364236.0,318786.0,0.954,8616.0,0.953,45212.0,0.952,2020.0,0.951,26622.0,0.95,36395.0,0.955,13721.0,0.956,33765.0,0.957,24250.0,0.958,6000.0,0.959,10000.0,10.0,20150826105741,-0.001,-0.1,0.963,0.949,0.954,683022.0,6509.0,0.0,0.0,1.47,0.0,0.0,0.0,-1.0,-1.0,0.206,0.327,0.226,0.241
0,sz150085,0.955,0.955,0.963,686222.0,367436.0,318786.0,0.954,8666.0,0.953,45212.0,0.952,1020.0,0.951,26622.0,0.95,36584.0,0.955,10521.0,0.956,33765.0,0.957,24250.0,0.958,6000.0,0.959,10000.0,10.0,20150826105750,0.0,0.0,0.963,0.949,0.954,686222.0,6540.0,0.0,0.0,1.47,0.0,0.0,0.0,-1.0,-1.0,0.205,0.331,0.225,0.24
0,sz150085,0.954,0.955,0.963,688006.0,367436.0,320570.0,0.954,16932.0,0.953,45212.0,0.952,15020.0,0.951,26582.0,0.95,36584.0,0.955,10471.0,0.956,43765.0,0.957,24250.0,0.958,6000.0,0.959,10000.0,10.0,20150826105759,-0.001,-0.1,0.963,0.949,0.954,688006.0,6557.0,0.0,0.0,1.47,0.0,0.0,0.0,-1.0,-1.0,0.205,0.33,0.224,0.242
0,sz150085,0.954,0.955,0.963,688006.0,367436.0,320570.0,0.954,17932.0,0.953,45212.0,0.952,24020.0,0.951,26582.0,0.95,36584.0,0.955,10471.0,0.956,43765.0,0.957,24250.0,0.958,6000.0,0.959,10000.0,10.0,20150826105808,-0.001,-0.1,0.963,0.949,0.954,688006.0,6557.0,0.0,0.0,1.47,0.0,0.0,0.0,-1.0,-1.0,0.205,0.33,0.224,0.242
0,sz150085,0.954,0.955,0.963,705939.0,367436.0,338503.0,0.953,45212.0,0.952,24020.0,0.951,31582.0,0.95,36395.0,0.949,9486.0,0.954,132067.0,0.955,10471.0,0.956,43765.0,0.957,24250.0,0.958,6000.0,10.0,20150826105817,-0.001,-0.1,0.963,0.949,0.954,705939.0,6728.0,0.0,0.0,1.47,0.0,0.0,0.0,-1.0,-1.0,0.199,0.322,0.244,0.235
0,sz150085,0.954,0.955,0.963,706239.0,367736.0,338503.0,0.953,45212.0,0.952,24020.0,0.951,31582.0,0.95,36395.0,0.949,9986.0,0.955,10471.0,0.956,43765.0,0.957,24250.0,0.958,6000.0,0.959,10000.0,10.0,20150826105826,-0.001,-0.1,0.963,0.949,0.954,706239.0,6731.0,0.0,0.0,1.47,0.0,0.0,0.0,-1.0,-1.0,0.199,0.322,0.244,0.235
0,sz150085,0.954,0.955,0.963,706239.0,367736.0,338503.0,0.953,45212.0,0.952,24020.0,0.951,31582.0,0.95,36395.0,0.949,9986.0,0.954,5000.0,0.955,10471.0,0.956,43765.0,0.957,24250.0,0.958,6000.0,10.0,20150826105835,-0.001,-0.1,0.963,0.949,0.954,706239.0,6731.0,0.0,0.0,1.47,0.0,0.0,0.0,-1.0,-1.0,0.199,0.322,0.244,0.235
0,sz150085,0.954,0.955,0.963,706739.0,368236.0,338503.0,0.953,45401.0,0.952,24020.0,0.951,31582.0,0.95,36395.0,0.949,9986.0,0.954,4500.0,0.955,10471.0,0.956,43765.0,0.957,24250.0,0.958,6000.0,10.0,20150826105847,-0.001,-0.1,0.963,0.949,0.954,706739.0,6735.0,0.0,0.0,1.47,0.0,0.0,0.0,-1.0,-1.0,0.199,0.322,0.244,0.235
0,sz150085,0.954,0.955,0.963,706939.0,368436.0,338503.0,0.953,45401.0,0.952,24020.0,0.951,31582.0,0.95,36395.0,0.949,9986.0,0.954,4300.0,0.955,10471.0,0.956,43765.0,0.957,24250.0,0.958,6000.0,10.0,20150826105856,-0.001,-0.1,0.963,0.949,0.954,706939.0,6737.0,0.0,0.0,1.47,0.0,0.0,0.0,-1.0,-1.0,0.199,0.322,0.243,0.235
0,sz150085,0.954,0.955,0.963,707840.0,369337.0,338503.0,0.953,45401.0,0.952,24020.0,0.951,31582.0,0.95,36395.0,0.949,9986.0,0.954,3399.0,0.955,10471.0,0.956,15185.0,0.957,24250.0,0.958,6000.0,10.0,20150826105906,-0.001,-0.1,0.963,0.949,0.954,707840.0,6746.0,0.0,0.0,1.47,0.0,0.0,0.0,-1.0,-1.0,0.199,0.323,0.243,0.235
0,sz150085,0.954,0.955,0.963,707840.0,369337.0,338503.0,0.953,45401.0,0.952,24020.0,0.951,31532.0,0.95,36395.0,0.949,9986.0,0.954,3399.0,0.955,10471.0,0.956,43765.0,0.957,24250.0,0.958,6000.0,10.0,20150826105914,-0.001,-0.1,0.963,0.949,0.954,707840.0,6746.0,0.0,0.0,1.47,0.0,0.0,0.0,-1.0,-1.0,0.199,0.323,0.243,0.235
0,sz150085,0.953,0.955,0.963,707940.0,369337.0,338603.0,0.953,45301.0,0.952,19020.0,0.951,26532.0,0.95,38895.0,0.949,9986.0,0.955,10471.0,0.956,53765.0,0.957,24250.0,0.958,6000.0,0.959,10000.0,10.0,20150826105926,-0.002,-0.21,0.963,0.949,0.954,707940.0,6747.0,0.0,0.0,1.47,0.0,0.0,0.0,-1.0,-1.0,0.199,0.323,0.243,0.235
0,sz150085,0.953,0.955,0.963,714990.0,369337.0,345653.0,0.953,40301.0,0.952,19020.0,0.951,26532.0,0.95,38025.0,0.949,9986.0,0.954,2950.0,0.955,10471.0,0.956,53765.0,0.957,24250.0,0.958,6000.0,10.0,20150826105935,-0.002,-0.21,0.963,0.949,0.954,714990.0,6814.0,0.0,0.0,1.47,0.0,0.0,0.0,-1.0,-1.0,0.197,0.32,0.241,0.243
0,sz150085,0.954,0.955,0.963,724990.0,379337.0,345653.0,0.953,40301.0,0.952,19020.0,0.951,26532.0,0.95,38025.0,0.949,9986.0,0.954,2950.0,0.955,11471.0,0.956,53765.0,0.957,24250.0,0.958,6000.0,10.0,20150826105945,-0.001,-0.1,0.963,0.949,0.954,724990.0,6909.0,0.0,0.0,1.47,0.0,0.0,0.0,-1.0,-1.0,0.194,0.329,0.237,0.239
0,sz150085,0.954,0.955,0.963,724990.0,379337.0,345653.0,0.953,40301.0,0.952,19020.0,0.951,26532.0,0.95,38025.0,0.949,9986.0,0.954,12950.0,0.955,11471.0,0.956,53765.0,0.957,24250.0,0.958,6000.0,10.0,20150826105956,-0.001,-0.1,0.963,0.949,0.954,724990.0,6909.0,0.0,0.0,1.47,0.0,0.0,0.0,-1.0,-1.0,0.194,0.329,0.237,0.239
0,sz150085,0.954,0.955,0.963,725190.0,379537.0,345653.0,0.953,41169.0,0.952,19020.0,0.951,26532.0,0.95,38025.0,0.949,9986.0,0.954,22750.0,0.955,11471.0,0.956,53765.0,0.957,24250.0,0.958,6000.0,11.0,20150826110005,-0.001,-0.1,0.963,0.949,0.954,725190.0,6911.0,0.0,0.0,1.47,0.0,0.0,0.0,-1.0,-1.0,0.194,0.329,0.237,0.239
0,sz150085,0.953,0.955,0.963,752790.0,381537.0,371253.0,0.953,15569.0,0.952,19020.0,0.951,28822.0,0.95,38025.0,0.949,9986.0,0.954,20750.0,0.955,11471.0,0.956,53765.0,0.957,24250.0,0.958,6000.0,11.0,20150826110015,-0.002,-0.21,0.963,0.949,0.954,752790.0,7174.0,0.0,0.0,1.47,0.0,0.0,0.0,-1.0,-1.0,0.187,0.32,0.263,0.23
0,sz150085,0.953,0.955,0.963,762290.0,381537.0,380753.0,0.953,6069.0,0.952,19020.0,0.951,28822.0,0.95,38025.0,0.949,9986.0,0.954,20750.0,0.955,11471.0,0.956,53765.0,0.957,24250.0,0.958,6000.0,11.0,20150826110024,-0.002,-0.21,0.963,0.949,0.954,762290.0,7265.0,0.0,0.0,1.47,0.0,0.0,0.0,-1.0,-1.0,0.185,0.316,0.259,0.24
0,sz150085,0.953,0.955,0.963,773359.0,383537.0,389822.0,0.952,19020.0,0.951,28822.0,0.95,38025.0,0.949,9986.0,0.948,1800.0,0.953,40930.0,0.954,18750.0,0.955,11471.0,0.956,53765.0,0.957,24250.0,11.0,20150826110035,-0.002,-0.21,0.963,0.949,0.954,773359.0,7370.0,0.0,0.0,1.47,0.0,0.0,0.0,-1.0,-1.0,0.184,0.318,0.259,0.239
0,sz150085,0.953,0.955,0.963,773359.0,383537.0,389822.0,0.952,19020.0,0.951,28822.0,0.95,38025.0,0.949,9986.0,0.948,1800.0,0.953,40930.0,0.954,18750.0,0.955,11871.0,0.956,53765.0,0.957,24250.0,11.0,20150826110045,-0.002,-0.21,0.963,0.949,0.954,773359.0,7370.0,0.0,0.0,1.47,0.0,0.0,0.0,-1.0,-1.0,0.182,0.314,0.256,0.248
0,sz150085,0.953,0.955,0.963,773861.0,384039.0,389822.0,0.952,19020.0,0.951,29622.0,0.95,38025.0,0.949,9986.0,0.948,1800.0,0.953,40428.0,0.954,18750.0,0.955,11951.0,0.956,53765.0,0.957,24250.0,11.0,20150826110056,-0.002,-0.21,0.963,0.949,0.954,773861.0,7375.0,0.0,0.0,1.47,0.0,0.0,0.0,-1.0,-1.0,0.182,0.315,0.256,0.248
0,sz150085,0.952,0.955,0.963,802981.0,393039.0,409942.0,0.951,29622.0,0.95,38025.0,0.949,9986.0,0.948,1800.0,0.947,3430.0,0.952,1446.0,0.953,40428.0,0.954,18750.0,0.955,11951.0,0.956,53765.0,11.0,20150826110106,-0.003,-0.31,0.963,0.949,0.952,802981.0,7652.0,0.0,0.0,1.47,0.0,0.0,0.0,-1.0,-1.0,0.175,0.314,0.271,0.239
0,sz150085,0.952,0.955,0.963,804427.0,394485.0,409942.0,0.952,9522.0,0.951,29622.0,0.95,38025.0,0.949,9986.0,0.948,1800.0,0.953,40428.0,0.954,18750.0,0.955,11951.0,0.956,53765.0,0.957,24250.0,11.0,20150826110115,-0.003,-0.31,0.963,0.949,0.952,804427.0,7666.0,0.0,0.0,1.47,0.0,0.0,0.0,-1.0,-1.0,0.175,0.316,0.271,0.239
0,sz150085,0.952,0.955,0.963,813970.0,394496.0,419474.0,0.951,29612.0,0.95,38025.0,0.949,9986.0,0.948,1800.0,0.947,3430.0,0.952,24645.0,0.953,25000.0,0.954,1000.0,0.955,11951.0,0.956,53765.0,11.0,20150826110129,-0.003,-0.31,0.963,0.949,0.952,813970.0,7757.0,0.0,0.0,1.47,0.0,0.0,0.0,-1.0,-1.0,0.173,0.312,0.268,0.248
0,sz150085,0.952,0.955,0.963,814170.0,394696.0,419474.0,0.951,29612.0,0.95,38025.0,0.949,9986.0,0.948,1800.0,0.947,3430.0,0.952,25794.0,0.953,55000.0,0.954,1000.0,0.955,11951.0,0.956,53765.0,11.0,20150826110138,-0.003,-0.31,0.963,0.949,0.952,814170.0,7759.0,0.0,0.0,1.47,0.0,0.0,0.0,-1.0,-1.0,0.173,0.312,0.268,0.248
0,sz150085,0.952,0.955,0.963,814170.0,394696.0,419474.0,0.951,31924.0,0.95,38025.0,0.949,9986.0,0.948,1800.0,0.947,3430.0,0.952,25794.0,0.953,55000.0,0.954,1000.0,0.955,11951.0,0.956,53765.0,11.0,20150826110145,-0.003,-0.31,0.963,0.949,0.952,814170.0,7759.0,0.0,0.0,1.47,0.0,0.0,0.0,-1.0,-1.0,0.173,0.312,0.268,0.248
0,sz150085,0.952,0.955,0.963,814170.0,394696.0,419474.0,0.951,32524.0,0.95,38027.0,0.949,9986.0,0.948,1800.0,0.947,3430.0,0.952,25794.0,0.953,55000.0,0.954,1100.0,0.955,11951.0,0.956,53765.0,11.0,20150826110157,-0.003,-0.31,0.963,0.949,0.952,814170.0,7759.0,0.0,0.0,1.47,0.0,0.0,0.0,-1.0,-1.0,0.173,0.312,0.268,0.248
0,sz150085,0.952,0.955,0.963,814170.0,394696.0,419474.0,0.951,32524.0,0.95,38027.0,0.949,9986.0,0.948,1800.0,0.947,3430.0,0.952,25794.0,0.953,55000.0,0.954,1100.0,0.955,11951.0,0.956,53765.0,11.0,20150826110209,-0.003,-0.31,0.963,0.949,0.952,814170.0,7759.0,0.0,0.0,1.47,0.0,0.0,0.0,-1.0,-1.0,0.173,0.312,0.268,0.248
0,sz150085,0.952,0.955,0.963,814170.0,394696.0,419474.0,0.951,32624.0,0.95,38027.0,0.949,9986.0,0.948,1800.0,0.947,3430.0,0.952,25794.0,0.953,55000.0,0.954,1100.0,0.955,11951.0,0.956,53765.0,11.0,20150826110221,-0.003,-0.31,0.963,0.949,0.952,814170.0,7759.0,0.0,0.0,1.47,0.0,0.0,0.0,-1.0,-1.0,0.173,0.312,0.268,0.248
0,sz150085,0.952,0.955,0.963,814180.0,394706.0,419474.0,0.951,32624.0,0.95,38607.0,0.949,9986.0,0.948,1800.0,0.947,3430.0,0.952,25784.0,0.953,55000.0,0.954,1100.0,0.955,11951.0,0.956,53765.0,11.0,20150826110232,-0.003,-0.31,0.963,0.949,0.952,814180.0,7759.0,0.0,0.0,1.47,0.0,0.0,0.0,-1.0,-1.0,0.173,0.312,0.268,0.248
0,sz150085,0.952,0.955,0.963,814180.0,394706.0,419474.0,0.951,32624.0,0.95,38607.0,0.949,9986.0,0.948,1800.0,0.947,3430.0,0.952,25784.0,0.953,55000.0,0.954,1100.0,0.955,20701.0,0.956,53765.0,11.0,20150826110242,-0.003,-0.31,0.963,0.949,0.952,814180.0,7759.0,0.0,0.0,1.47,0.0,0.0,0.0,-1.0,-1.0,0.173,0.312,0.268,0.248
0,sz150085,0.952,0.955,0.963,814411.0,394937.0,419474.0,0.951,32624.0,0.95,38607.0,0.949,9986.0,0.948,1800.0,0.947,3430.0,0.952,25553.0,0.953,55000.0,0.954,1100.0,0.955,20701.0,0.956,53765.0,11.0,20150826110253,-0.003,-0.31,0.963,0.949,0.952,814411.0,7761.0,0.0,0.0,1.47,0.0,0.0,0.0,-1.0,-1.0,0.173,0.312,0.268,0.248
0,sz150085,0.952,0.955,0.963,814418.0,394944.0,419474.0,0.951,32624.0,0.95,38607.0,0.949,9986.0,0.948,1800.0,0.947,3430.0,0.952,25546.0,0.953,55000.0,0.954,1100.0,0.955,20701.0,0.956,53765.0,11.0,20150826110303,-0.003,-0.31,0.963,0.949,0.952,814418.0,7761.0,0.0,0.0,1.47,0.0,0.0,0.0,-1.0,-1.0,0.173,0.312,0.268,0.248
0,sz150085,0.952,0.955,0.963,814418.0,394944.0,419474.0,0.951,32624.0,0.95,39607.0,0.949,9986.0,0.948,1800.0,0.947,3430.0,0.952,25546.0,0.953,55000.0,0.954,1100.0,0.955,20701.0,0.956,53765.0,11.0,20150826110315,-0.003,-0.31,0.963,0.949,0.952,814418.0,7761.0,0.0,0.0,1.47,0.0,0.0,0.0,-1.0,-1.0,0.173,0.312,0.268,0.248
0,sz150085,0.952,0.955,0.963,814466.0,394992.0,419474.0,0.951,32624.0,0.95,39607.0,0.949,9986.0,0.948,1800.0,0.947,3430.0,0.952,25498.0,0.953,55000.0,0.954,1100.0,0.955,20701.0,0.956,53765.0,11.0,20150826110324,-0.003,-0.31,0.963,0.949,0.952,814466.0,7762.0,0.0,0.0,1.47,0.0,0.0,0.0,-1.0,-1.0,0.173,0.312,0.268,0.248
0,sz150085,0.952,0.955,0.963,814556.0,395082.0,419474.0,0.951,41624.0,0.95,39557.0,0.949,9986.0,0.948,1800.0,0.947,3430.0,0.952,25408.0,0.953,55000.0,0.954,1100.0,0.955,20701.0,0.956,53765.0,11.0,20150826110335,-0.003,-0.31,0.963,0.949,0.952,814556.0,7763.0,0.0,0.0,1.47,0.0,0.0,0.0,-1.0,-1.0,0.173,0.312,0.268,0.247
0,sz150085,0.951,0.955,0.963,822556.0,395082.0,427474.0,0.951,35624.0,0.95,39557.0,0.949,9986.0,0.948,1800.0,0.947,3430.0,0.952,25408.0,0.953,55000.0,0.954,1100.0,0.955,20701.0,0.956,53765.0,11.0,20150826110347,-0.004,-0.42,0.963,0.949,0.952,822556.0,7839.0,0.0,0.0,1.47,0.0,0.0,0.0,-1.0,-1.0,0.171,0.309,0.265,0.255
0,sz150085,0.951,0.955,0.963,822558.0,395082.0,427476.0,0.951,35622.0,0.95,39557.0,0.949,9986.0,0.948,1800.0,0.947,3430.0,0.952,25408.0,0.953,55000.0,0.954,1100.0,0.955,20701.0,0.956,53765.0,11.0,20150826110400,-0.004,-0.42,0.963,0.949,0.952,822558.0,7839.0,0.0,0.0,1.47,0.0,0.0,0.0,-1.0,-1.0,0.171,0.309,0.265,0.255
0,sz150085,0.951,0.955,0.963,851225.0,415082.0,436143.0,0.951,26955.0,0.95,39557.0,0.949,9986.0,0.948,1800.0,0.947,3430.0,0.952,5408.0,0.953,55450.0,0.954,1100.0,0.955,20701.0,0.956,53765.0,11.0,20150826110414,-0.004,-0.42,0.963,0.949,0.951,851225.0,8112.0,0.0,0.0,1.47,0.0,0.0,0.0,-1.0,-1.0,0.167,0.326,0.259,0.249
0,sz150085,0.952,0.955,0.963,856634.0,420491.0,436143.0,0.952,4591.0,0.951,26955.0,0.95,39557.0,0.949,9986.0,0.948,1800.0,0.953,55450.0,0.954,1100.0,0.955,20701.0,0.956,53765.0,0.957,24250.0,11.0,20150826110424,-0.003,-0.31,0.963,0.949,0.951,856634.0,8163.0,0.0,0.0,1.47,0.0,0.0,0.0,-1.0,-1.0,0.164,0.327,0.254,0.255
0,sz150085,0.952,0.955,0.963,856634.0,420491.0,436143.0,0.952,5591.0,0.951,33005.0,0.95,39557.0,0.949,9986.0,0.948,1800.0,0.953,55450.0,0.954,1100.0,0.955,20701.0,0.956,53765.0,0.957,24250.0,11.0,20150826110432,-0.003,-0.31,0.963,0.949,0.951,856634.0,8163.0,0.0,0.0,1.47,0.0,0.0,0.0,-1.0,-1.0,0.164,0.326,0.254,0.257
0,sz150085,0.952,0.955,0.963,858734.0,420491.0,438243.0,0.952,5991.0,0.951,33026.0,0.95,39557.0,0.949,9986.0,0.948,1800.0,0.953,53450.0,0.954,1100.0,0.955,20701.0,0.956,53765.0,0.957,24250.0,11.0,20150826110444,-0.003,-0.31,0.963,0.949,0.951,858734.0,8183.0,0.0,0.0,1.47,0.0,0.0,0.0,-1.0,-1.0,0.164,0.326,0.254,0.257
0,sz150085,0.952,0.955,0.963,858734.0,420491.0,438243.0,0.952,5991.0,0.951,32976.0,0.95,39557.0,0.949,9986.0,0.948,1800.0,0.953,53450.0,0.954,1100.0,0.955,20701.0,0.956,53765.0,0.957,24250.0,11.0,20150826110459,-0.003,-0.31,0.963,0.949,0.951,858734.0,8183.0,0.0,0.0,1.47,0.0,0.0,0.0,-1.0,-1.0,0.164,0.326,0.254,0.257
0,sz150085,0.952,0.955,0.963,858735.0,420491.0,438244.0,0.952,6290.0,0.951,32976.0,0.95,39557.0,0.949,9986.0,0.948,1800.0,0.953,53462.0,0.954,1100.0,0.955,20701.0,0.956,53765.0,0.957,24250.0,11.0,20150826110509,-0.003,-0.31,0.963,0.949,0.952,858735.0,8183.0,0.0,0.0,1.47,0.0,0.0,0.0,-1.0,-1.0,0.164,0.326,0.254,0.257
0,sz150085,0.953,0.955,0.963,859107.0,420863.0,438244.0,0.952,17040.0,0.951,32976.0,0.95,39607.0,0.949,9986.0,0.948,1800.0,0.953,53090.0,0.954,1100.0,0.955,20701.0,0.956,53765.0,0.957,24250.0,11.0,20150826110521,-0.002,-0.21,0.963,0.949,0.952,859107.0,8187.0,0.0,0.0,1.47,0.0,0.0,0.0,-1.0,-1.0,0.164,0.326,0.254,0.257
0,sz150085,0.953,0.955,0.963,859107.0,420863.0,438244.0,0.952,17040.0,0.951,32976.0,0.95,39607.0,0.949,9986.0,0.948,1800.0,0.953,53090.0,0.954,1100.0,0.955,20701.0,0.956,53765.0,0.957,24250.0,11.0,20150826110532,-0.002,-0.21,0.963,0.949,0.952,859107.0,8187.0,0.0,0.0,1.47,0.0,0.0,0.0,-1.0,-1.0,0.164,0.326,0.254,0.257
0,sz150085,0.953,0.955,0.963,859107.0,420863.0,438244.0,0.952,27040.0,0.951,32976.0,0.95,39607.0,0.949,9986.0,0.948,1800.0,0.953,53090.0,0.954,1100.0,0.955,20701.0,0.956,53765.0,0.957,24250.0,11.0,20150826110541,-0.002,-0.21,0.963,0.949,0.952,859107.0,8187.0,0.0,0.0,1.47,0.0,0.0,0.0,-1.0,-1.0,0.164,0.326,0.254,0.257
0,sz150085,0.952,0.955,0.963,859295.0,420961.0,438334.0,0.952,26971.0,0.951,32976.0,0.95,39607.0,0.949,9986.0,0.948,1800.0,0.953,52992.0,0.954,1100.0,0.955,20701.0,0.956,53765.0,0.957,24250.0,11.0,20150826110557,-0.003,-0.31,0.963,0.949,0.952,859295.0,8188.0,0.0,0.0,1.47,0.0,0.0,0.0,-1.0,-1.0,0.164,0.326,0.254,0.257
0,sz150085,0.952,0.955,0.963,859295.0,420961.0,438334.0,0.952,26971.0,0.951,32976.0,0.95,39607.0,0.949,9986.0,0.948,1800.0,0.953,52992.0,0.954,1100.0,0.955,20701.0,0.956,53765.0,0.957,24250.0,11.0,20150826110606,-0.003,-0.31,0.963,0.949,0.952,859295.0,8188.0,0.0,0.0,1.47,0.0,0.0,0.0,-1.0,-1.0,0.164,0.326,0.254,0.257
0,sz150085,0.952,0.955,0.963,886372.0,420962.0,465410.0,0.951,32976.0,0.95,39607.0,0.949,9986.0,0.948,1800.0,0.947,3430.0,0.952,1503.0,0.953,52991.0,0.954,1100.0,0.955,20701.0,0.956,25185.0,11.0,20150826110621,-0.003,-0.31,0.963,0.949,0.952,886372.0,8446.0,0.0,0.0,1.47,0.0,0.0,0.0,-1.0,-1.0,0.159,0.316,0.276,0.249
0,sz150085,0.953,0.955,0.963,916372.0,450962.0,465410.0,0.951,32976.0,0.95,39607.0,0.949,9986.0,0.948,1800.0,0.947,3430.0,0.953,24494.0,0.954,1100.0,0.955,20701.0,0.956,25185.0,0.957,24250.0,11.0,20150826110630,-0.002,-0.21,0.963,0.949,0.952,916372.0,8732.0,0.0,0.0,1.47,0.0,0.0,0.0,-1.0,-1.0,0.186,0.306,0.267,0.241
0,sz150085,0.953,0.955,0.963,916422.0,451012.0,465410.0,0.952,500.0,0.951,32976.0,0.95,40407.0,0.949,9986.0,0.948,1800.0,0.953,24444.0,0.954,1100.0,0.955,20701.0,0.956,25185.0,0.957,24250.0,11.0,20150826110645,-0.002,-0.21,0.963,0.949,0.952,916422.0,8732.0,0.0,0.0,1.47,0.0,0.0,0.0,-1.0,-1.0,0.186,0.306,0.267,0.241
0,sz150085,0.953,0.955,0.963,916422.0,451012.0,465410.0,0.952,500.0,0.951,33455.0,0.95,40407.0,0.949,9986.0,0.948,1800.0,0.953,24444.0,0.954,1100.0,0.955,20701.0,0.956,25185.0,0.957,24250.0,11.0,20150826110657,-0.002,-0.21,0.963,0.949,0.952,916422.0,8732.0,0.0,0.0,1.47,0.0,0.0,0.0,-1.0,-1.0,0.186,0.306,0.267,0.241
0,sz150085,0.953,0.955,0.963,916422.0,451012.0,465410.0,0.952,1001.0,0.951,33455.0,0.95,40407.0,0.949,9986.0,0.948,1800.0,0.953,24444.0,0.954,1100.0,0.955,20701.0,0.956,25185.0,0.957,24250.0,11.0,20150826110709,-0.002,-0.21,0.963,0.949,0.953,916422.0,8732.0,0.0,0.0,1.47,0.0,0.0,0.0,-1.0,-1.0,0.186,0.306,0.267,0.241
0,sz150085,0.953,0.955,0.963,916422.0,451012.0,465410.0,0.952,1111.0,0.951,33655.0,0.95,40407.0,0.949,9986.0,0.948,1800.0,0.953,24444.0,0.954,1100.0,0.955,20701.0,0.956,25185.0,0.957,24250.0,11.0,20150826110718,-0.002,-0.21,0.963,0.949,0.953,916422.0,8732.0,0.0,0.0,1.47,0.0,0.0,0.0,-1.0,-1.0,0.186,0.306,0.267,0.241
0,sz150085,0.953,0.955,0.963,916426.0,451016.0,465410.0,0.952,1431.0,0.951,34455.0,0.95,40407.0,0.949,9986.0,0.948,1800.0,0.953,24428.0,0.954,1100.0,0.955,20701.0,0.956,25185.0,0.957,24250.0,11.0,20150826110730,-0.002,-0.21,0.963,0.949,0.953,916426.0,8733.0,0.0,0.0,1.47,0.0,0.0,0.0,-1.0,-1.0,0.186,0.306,0.267,0.241
0,sz150085,0.952,0.955,0.963,916439.0,451017.0,465422.0,0.952,1419.0,0.951,34587.0,0.95,40407.0,0.949,9986.0,0.948,1800.0,0.953,24427.0,0.954,1100.0,0.955,20701.0,0.956,25185.0,0.957,24250.0,11.0,20150826110745,-0.003,-0.31,0.963,0.949,0.953,916439.0,8733.0,0.0,0.0,1.47,0.0,0.0,0.0,-1.0,-1.0,0.186,0.306,0.267,0.241
0,sz150085,0.953,0.955,0.963,916741.0,451319.0,465422.0,0.952,1419.0,0.951,39587.0,0.95,40407.0,0.949,9986.0,0.948,1800.0,0.953,24125.0,0.954,1100.0,0.955,20701.0,0.956,25185.0,0.957,24250.0,11.0,20150826110757,-0.002,-0.21,0.963,0.949,0.953,916741.0,8736.0,0.0,0.0,1.47,0.0,0.0,0.0,-1.0,-1.0,0.186,0.306,0.267,0.24
0,sz150085,0.953,0.955,0.963,916741.0,451319.0,465422.0,0.952,1419.0,0.951,49487.0,0.95,40407.0,0.949,9986.0,0.948,1800.0,0.953,24125.0,0.954,1100.0,0.955,20701.0,0.956,25185.0,0.957,24250.0,11.0,20150826110809,-0.002,-0.21,0.963,0.949,0.953,916741.0,8736.0,0.0,0.0,1.47,0.0,0.0,0.0,-1.0,-1.0,0.186,0.306,0.267,0.24
0,sz150085,0.953,0.955,0.963,916741.0,451319.0,465422.0,0.952,1419.0,0.951,49487.0,0.95,40407.0,0.949,9986.0,0.948,1800.0,0.953,24125.0,0.954,1100.0,0.955,20701.0,0.956,25185.0,0.957,24250.0,11.0,20150826110821,-0.002,-0.21,0.963,0.949,0.953,916741.0,8736.0,0.0,0.0,1.47,0.0,0.0,0.0,-1.0,-1.0,0.186,0.306,0.267,0.24
0,sz150085,0.953,0.955,0.963,916741.0,451319.0,465422.0,0.952,1418.0,0.951,49487.0,0.95,40407.0,0.949,9986.0,0.948,1800.0,0.953,24125.0,0.954,1100.0,0.955,20701.0,0.956,25185.0,0.957,24250.0,11.0,20150826110833,-0.002,-0.21,0.963,0.949,0.953,916741.0,8736.0,0.0,0.0,1.47,0.0,0.0,0.0,-1.0,-1.0,0.186,0.306,0.267,0.24
0,sz150085,0.953,0.955,0.963,916841.0,451419.0,465422.0,0.952,1418.0,0.951,49487.0,0.95,40407.0,0.949,9986.0,0.948,1800.0,0.953,24025.0,0.954,1100.0,0.955,20701.0,0.956,25185.0,0.957,24250.0,11.0,20150826110845,-0.002,-0.21,0.963,0.949,0.953,916841.0,8736.0,0.0,0.0,1.47,0.0,0.0,0.0,-1.0,-1.0,0.186,0.306,0.267,0.24
0,sz150085,0.951,0.955,0.963,926841.0,451419.0,475422.0,0.951,41070.0,0.95,40407.0,0.949,9986.0,0.948,1800.0,0.947,3430.0,0.953,24025.0,0.954,1100.0,0.955,20701.0,0.956,25185.0,0.957,24250.0,11.0,20150826110857,-0.004,-0.42,0.963,0.949,0.953,926841.0,8832.0,0.0,0.0,1.47,0.0,0.0,0.0,-1.0,-1.0,0.182,0.3,0.262,0.257
0,sz150085,0.951,0.955,0.963,956841.0,451419.0,505422.0,0.951,12120.0,0.95,40407.0,0.949,9986.0,0.948,1800.0,0.947,3430.0,0.953,24025.0,0.954,1100.0,0.955,20701.0,0.956,25185.0,0.957,24250.0,11.0,20150826110909,-0.004,-0.42,0.963,0.949,0.951,956841.0,9117.0,0.0,0.0,1.47,0.0,0.0,0.0,-1.0,-1.0,0.178,0.293,0.256,0.272
0,sz150085,0.951,0.955,0.963,976841.0,451419.0,525422.0,0.951,10220.0,0.95,40407.0,0.949,9986.0,0.948,1800.0,0.947,3430.0,0.953,24025.0,0.954,1100.0,0.955,20701.0,0.956,25185.0,0.957,24250.0,11.0,20150826110924,-0.004,-0.42,0.963,0.949,0.951,976841.0,9307.0,0.0,0.0,1.47,0.0,0.0,0.0,-1.0,-1.0,0.175,0.287,0.251,0.287
0,sz150085,0.951,0.955,0.963,976841.0,451419.0,525422.0,0.951,10220.0,0.95,40407.0,0.949,9986.0,0.948,1800.0,0.947,3430.0,0.953,24025.0,0.954,1100.0,0.955,20701.0,0.956,25185.0,0.957,24250.0,11.0,20150826110933,-0.004,-0.42,0.963,0.949,0.951,976841.0,9307.0,0.0,0.0,1.47,0.0,0.0,0.0,-1.0,-1.0,0.175,0.287,0.251,0.287
0,sz150085,0.951,0.955,0.963,976841.0,451419.0,525422.0,0.952,8000.0,0.951,13264.0,0.95,58407.0,0.949,9986.0,0.948,1800.0,0.953,24025.0,0.954,1100.0,0.955,20701.0,0.956,25185.0,0.957,24250.0,11.0,20150826110945,-0.004,-0.42,0.963,0.949,0.951,976841.0,9307.0,0.0,0.0,1.47,0.0,0.0,0.0,-1.0,-1.0,0.175,0.287,0.251,0.287
0,sz150085,0.952,0.955,0.963,976941.0,451419.0,525522.0,0.952,7900.0,0.951,16064.0,0.95,58407.0,0.949,9986.0,0.948,1800.0,0.953,24025.0,0.954,1100.0,0.955,20701.0,0.956,25185.0,0.957,24250.0,11.0,20150826110957,-0.003,-0.31,0.963,0.949,0.951,976941.0,9308.0,0.0,0.0,1.47,0.0,0.0,0.0,-1.0,-1.0,0.175,0.287,0.251,0.287
0,sz150085,0.953,0.955,0.963,977073.0,451551.0,525522.0,0.952,17806.0,0.951,16124.0,0.95,58407.0,0.949,9986.0,0.948,1800.0,0.953,23893.0,0.954,1100.0,0.955,20701.0,0.956,25185.0,0.957,24250.0,11.0,20150826111012,-0.002,-0.21,0.963,0.949,0.952,977073.0,9309.0,0.0,0.0,1.47,0.0,0.0,0.0,-1.0,-1.0,0.175,0.287,0.251,0.287
0,sz150085,0.953,0.955,0.963,978573.0,453051.0,525522.0,0.952,17806.0,0.951,16876.0,0.95,58407.0,0.949,9986.0,0.948,1800.0,0.953,22393.0,0.954,1100.0,0.955,20701.0,0.956,25185.0,0.957,24250.0,11.0,20150826111024,-0.002,-0.21,0.963,0.949,0.952,978573.0,9324.0,0.0,0.0,1.47,0.0,0.0,0.0,-1.0,-1.0,0.174,0.288,0.25,0.287
0,sz150085,0.953,0.955,0.963,1000967.0,475445.0,525522.0,0.953,14606.0,0.952,17806.0,0.951,16876.0,0.95,58407.0,0.949,9986.0,0.954,1100.0,0.955,20701.0,0.956,25185.0,0.957,24250.0,0.958,6000.0,11.0,20150826111036,-0.002,-0.21,0.963,0.949,0.952,1000967.0,9537.0,0.0,0.0,1.47,0.0,0.0,0.0,-1.0,-1.0,0.192,0.283,0.245,0.28
0,sz150085,0.953,0.955,0.963,1000967.0,475445.0,525522.0,0.953,24606.0,0.952,17806.0,0.951,16976.0,0.95,58407.0,0.949,9986.0,0.954,1100.0,0.955,20701.0,0.956,25185.0,0.957,24250.0,0.958,6000.0,11.0,20150826111048,-0.002,-0.21,0.963,0.949,0.952,1000967.0,9537.0,0.0,0.0,1.47,0.0,0.0,0.0,-1.0,-1.0,0.192,0.283,0.245,0.28
0,sz150085,0.954,0.955,0.963,1001041.0,475519.0,525522.0,0.953,24606.0,0.952,17806.0,0.951,16976.0,0.95,58407.0,0.949,9986.0,0.954,1026.0,0.955,20735.0,0.956,25185.0,0.957,24250.0,0.958,6000.0,11.0,20150826111100,-0.001,-0.1,0.963,0.949,0.952,1001041.0,9538.0,0.0,0.0,1.47,0.0,0.0,0.0,-1.0,-1.0,0.192,0.283,0.245,0.28
0,sz150085,0.954,0.955,0.963,1001041.0,475519.0,525522.0,0.953,25049.0,0.952,17806.0,0.951,16976.0,0.95,58407.0,0.949,9986.0,0.954,1026.0,0.955,20735.0,0.956,25185.0,0.957,24250.0,0.958,6000.0,11.0,20150826111112,-0.001,-0.1,0.963,0.949,0.954,1001041.0,9538.0,0.0,0.0,1.47,0.0,0.0,0.0,-1.0,-1.0,0.192,0.283,0.245,0.28
0,sz150085,0.953,0.955,0.963,1022041.0,475519.0,546522.0,0.953,5049.0,0.952,17806.0,0.951,16976.0,0.95,58407.0,0.949,9986.0,0.954,26.0,0.955,20735.0,0.956,25185.0,0.957,24250.0,0.958,6000.0,11.0,20150826111127,-0.002,-0.21,0.963,0.949,0.954,1022041.0,9738.0,0.0,0.0,1.47,0.0,0.0,0.0,-1.0,-1.0,0.188,0.277,0.25,0.284
0,sz150085,0.953,0.955,0.963,1029090.0,476545.0,552545.0,0.952,17806.0,0.951,16976.0,0.95,58407.0,0.949,9986.0,0.948,1800.0,0.953,17976.0,0.954,10000.0,0.955,20735.0,0.956,25185.0,0.957,24250.0,11.0,20150826111139,-0.002,-0.21,0.963,0.949,0.954,1029090.0,9805.0,0.0,0.0,1.47,0.0,0.0,0.0,-1.0,-1.0,0.187,0.276,0.249,0.289
0,sz150085,0.953,0.955,0.963,1030590.0,478045.0,552545.0,0.952,18006.0,0.951,16976.0,0.95,58405.0,0.949,9986.0,0.948,1800.0,0.953,46731.0,0.954,10000.0,0.955,20735.0,0.956,25185.0,0.957,24250.0,11.0,20150826111151,-0.002,-0.21,0.963,0.949,0.954,1030590.0,9819.0,0.0,0.0,1.47,0.0,0.0,0.0,-1.0,-1.0,0.186,0.277,0.248,0.288
0,sz150085,0.953,0.955,0.963,1030590.0,478045.0,552545.0,0.952,18006.0,0.951,14842.0,0.95,58405.0,0.949,9990.0,0.948,1800.0,0.953,46731.0,0.954,20000.0,0.955,20735.0,0.956,25185.0,0.957,24250.0,11.0,20150826111203,-0.002,-0.21,0.963,0.949,0.953,1030590.0,9819.0,0.0,0.0,1.47,0.0,0.0,0.0,-1.0,-1.0,0.186,0.277,0.248,0.288
0,sz150085,0.953,0.955,0.963,1030590.0,478045.0,552545.0,0.952,29638.0,0.951,14842.0,0.95,58405.0,0.949,9990.0,0.948,1800.0,0.953,46731.0,0.954,20000.0,0.955,20735.0,0.956,25185.0,0.957,24250.0,11.0,20150826111218,-0.002,-0.21,0.963,0.949,0.953,1030590.0,9819.0,0.0,0.0,1.47,0.0,0.0,0.0,-1.0,-1.0,0.186,0.277,0.248,0.288
0,sz150085,0.953,0.955,0.963,1030590.0,478045.0,552545.0,0.952,29638.0,0.951,16842.0,0.95,58405.0,0.949,9990.0,0.948,1800.0,0.953,46731.0,0.954,20000.0,0.955,20735.0,0.956,25185.0,0.957,24250.0,11.0,20150826111230,-0.002,-0.21,0.963,0.949,0.953,1030590.0,9819.0,0.0,0.0,1.47,0.0,0.0,0.0,-1.0,-1.0,0.186,0.277,0.248,0.288
0,sz150085,0.953,0.955,0.963,1030590.0,478045.0,552545.0,0.952,29640.0,0.951,18342.0,0.95,58405.0,0.949,9990.0,0.948,1800.0,0.953,47731.0,0.954,21000.0,0.955,20735.0,0.956,25185.0,0.957,24250.0,11.0,20150826111245,-0.002,-0.21,0.963,0.949,0.953,1030590.0,9819.0,0.0,0.0,1.47,0.0,0.0,0.0,-1.0,-1.0,0.186,0.277,0.248,0.288
0,sz150085,0.953,0.955,0.963,1030590.0,478045.0,552545.0,0.952,30640.0,0.951,18342.0,0.95,58405.0,0.949,9990.0,0.948,1800.0,0.953,47731.0,0.954,21000.0,0.955,20735.0,0.956,25185.0,0.957,24250.0,11.0,20150826111257,-0.002,-0.21,0.963,0.949,0.953,1030590.0,9819.0,0.0,0.0,1.47,0.0,0.0,0.0,-1.0,-1.0,0.186,0.277,0.248,0.288
0,sz150085,0.953,0.955,0.963,1030590.0,478045.0,552545.0,0.952,30640.0,0.951,18342.0,0.95,58405.0,0.949,9990.0,0.948,1800.0,0.953,47731.0,0.954,21000.0,0.955,20735.0,0.956,25185.0,0.957,24250.0,11.0,20150826111309,-0.002,-0.21,0.963,0.949,0.953,1030590.0,9819.0,0.0,0.0,1.47,0.0,0.0,0.0,-1.0,-1.0,0.186,0.277,0.248,0.288
0,sz150085,0.953,0.955,0.963,1030590.0,478045.0,552545.0,0.952,34358.0,0.951,18342.0,0.95,58405.0,0.949,9990.0,0.948,1800.0,0.953,57731.0,0.954,21000.0,0.955,20735.0,0.956,25185.0,0.957,24250.0,11.0,20150826111324,-0.002,-0.21,0.963,0.949,0.953,1030590.0,9819.0,0.0,0.0,1.47,0.0,0.0,0.0,-1.0,-1.0,0.186,0.277,0.248,0.288
0,sz150085,0.953,0.955,0.963,1031590.0,479045.0,552545.0,0.952,35468.0,0.951,22265.0,0.95,58405.0,0.949,9990.0,0.948,1800.0,0.953,56731.0,0.954,21000.0,0.955,20735.0,0.956,25185.0,0.957,24250.0,11.0,20150826111336,-0.002,-0.21,0.963,0.949,0.953,1031590.0,9829.0,0.0,0.0,1.47,0.0,0.0,0.0,-1.0,-1.0,0.186,0.278,0.248,0.288
0,sz150085,0.953,0.955,0.963,1031590.0,479045.0,552545.0,0.952,35468.0,0.951,22265.0,0.95,61309.0,0.949,9990.0,0.948,1800.0,0.953,56731.0,0.954,21000.0,0.955,20735.0,0.956,25185.0,0.957,24250.0,11.0,20150826111351,-0.002,-0.21,0.963,0.949,0.953,1031590.0,9829.0,0.0,0.0,1.47,0.0,0.0,0.0,-1.0,-1.0,0.186,0.278,0.248,0.288
0,sz150085,0.953,0.955,0.963,1031590.0,479045.0,552545.0,0.952,35468.0,0.951,22055.0,0.95,61309.0,0.949,9990.0,0.948,1800.0,0.953,56731.0,0.954,21000.0,0.955,20735.0,0.956,25185.0,0.957,24250.0,11.0,20150826111403,-0.002,-0.21,0.963,0.949,0.953,1031590.0,9829.0,0.0,0.0,1.47,0.0,0.0,0.0,-1.0,-1.0,0.186,0.278,0.248,0.288
0,sz150085,0.953,0.955,0.963,1031690.0,479145.0,552545.0,0.952,36399.0,0.951,22055.0,0.95,61309.0,0.949,9990.0,0.948,1900.0,0.953,56631.0,0.954,21000.0,0.955,20735.0,0.956,25185.0,0.957,24250.0,11.0,20150826111415,-0.002,-0.21,0.963,0.949,0.953,1031690.0,9830.0,0.0,0.0,1.47,0.0,0.0,0.0,-1.0,-1.0,0.186,0.278,0.248,0.288
0,sz150085,0.953,0.955,0.963,1032390.0,479345.0,553045.0,0.952,35909.0,0.951,22055.0,0.95,61309.0,0.949,9990.0,0.948,1900.0,0.953,61431.0,0.954,21000.0,0.955,20735.0,0.956,25185.0,0.957,24250.0,11.0,20150826111430,-0.002,-0.21,0.963,0.949,0.953,1032390.0,9837.0,0.0,0.0,1.47,0.0,0.0,0.0,-1.0,-1.0,0.186,0.278,0.248,0.288
0,sz150085,0.953,0.955,0.963,1032930.0,479885.0,553045.0,0.952,35909.0,0.951,22055.0,0.95,61309.0,0.949,9990.0,0.948,1900.0,0.953,60891.0,0.954,21000.0,0.955,20735.0,0.956,25185.0,0.957,24250.0,11.0,20150826111445,-0.002,-0.21,0.963,0.949,0.953,1032930.0,9842.0,0.0,0.0,1.47,0.0,0.0,0.0,-1.0,-1.0,0.186,0.279,0.248,0.288
0,sz150085,0.953,0.955,0.963,1032930.0,479885.0,553045.0,0.952,39949.0,0.951,22055.0,0.95,61309.0,0.949,9990.0,0.948,1900.0,0.953,60891.0,0.954,21000.0,0.955,20735.0,0.956,25185.0,0.957,24250.0,11.0,20150826111457,-0.002,-0.21,0.963,0.949,0.953,1032930.0,9842.0,0.0,0.0,1.47,0.0,0.0,0.0,-1.0,-1.0,0.186,0.279,0.248,0.288
0,sz150085,0.953,0.955,0.963,1032930.0,479885.0,553045.0,0.952,40268.0,0.951,22055.0,0.95,61309.0,0.949,9990.0,0.948,2900.0,0.953,60891.0,0.954,21000.0,0.955,20735.0,0.956,25185.0,0.957,24250.0,11.0,20150826111512,-0.002,-0.21,0.963,0.949,0.953,1032930.0,9842.0,0.0,0.0,1.47,0.0,0.0,0.0,-1.0,-1.0,0.186,0.279,0.248,0.288
0,sz150085,0.953,0.955,0.963,1043430.0,490385.0,553045.0,0.952,39768.0,0.951,22555.0,0.95,61309.0,0.949,9990.0,0.948,2900.0,0.953,50391.0,0.954,21000.0,0.955,20735.0,0.956,25185.0,0.957,24250.0,11.0,20150826111524,-0.002,-0.21,0.963,0.949,0.953,1043430.0,9942.0,0.0,0.0,1.47,0.0,0.0,0.0,-1.0,-1.0,0.184,0.286,0.245,0.285
0,sz150085,0.952,0.955,0.963,1043515.0,490385.0,553130.0,0.952,39683.0,0.951,22555.0,0.95,61309.0,0.949,9990.0,0.948,2900.0,0.953,50391.0,0.954,21000.0,0.955,20735.0,0.956,25185.0,0.957,24250.0,11.0,20150826111539,-0.003,-0.31,0.963,0.949,0.953,1043515.0,9943.0,0.0,0.0,1.47,0.0,0.0,0.0,-1.0,-1.0,0.184,0.286,0.245,0.285
0,sz150085,0.953,0.955,0.963,1053515.0,500385.0,553130.0,0.952,39683.0,0.951,22555.0,0.95,61309.0,0.949,9990.0,0.948,2900.0,0.953,40391.0,0.954,21000.0,0.955,20735.0,0.956,25185.0,0.957,24250.0,11.0,20150826111554,-0.002,-0.21,0.963,0.949,0.953,1053515.0,10038.0,0.0,0.0,1.47,0.0,0.0,0.0,-1.0,-1.0,0.182,0.293,0.243,0.282
0,sz150085,0.953,0.955,0.963,1093907.0,540777.0,553130.0,0.953,9908.0,0.952,59683.0,0.951,22555.0,0.95,61309.0,0.949,9990.0,0.954,21000.0,0.955,20735.0,0.956,25185.0,0.957,24250.0,0.958,6000.0,11.0,20150826111606,-0.002,-0.21,0.963,0.949,0.953,1093907.0,10423.0,0.0,0.0,1.47,0.0,0.0,0.0,-1.0,-1.0,0.213,0.282,0.234,0.272
0,sz150085,0.953,0.955,0.963,1103915.0,540877.0,563038.0,0.952,59683.0,0.951,22555.0,0.95,61309.0,0.949,9990.0,0.948,2900.0,0.953,19991.0,0.954,31000.0,0.955,20735.0,0.956,25185.0,0.957,24250.0,11.0,20150826111622,-0.002,-0.21,0.963,0.949,0.953,1103915.0,10518.0,0.0,0.0,1.47,0.0,0.0,0.0,-1.0,-1.0,0.211,0.279,0.232,0.278
0,sz150085,0.953,0.955,0.963,1105015.0,541977.0,563038.0,0.952,59683.0,0.951,22555.0,0.95,61309.0,0.949,9990.0,0.948,2900.0,0.953,18891.0,0.954,31000.0,0.955,25735.0,0.956,25185.0,0.957,24250.0,11.0,20150826111637,-0.002,-0.21,0.963,0.949,0.953,1105015.0,10529.0,0.0,0.0,1.47,0.0,0.0,0.0,-1.0,-1.0,0.21,0.28,0.232,0.278
0,sz150085,0.953,0.955,0.963,1105015.0,541977.0,563038.0,0.952,59573.0,0.951,22555.0,0.95,61309.0,0.949,9986.0,0.948,2900.0,0.953,18891.0,0.954,31000.0,0.955,25735.0,0.956,25185.0,0.957,24250.0,11.0,20150826111649,-0.002,-0.21,0.963,0.949,0.953,1105015.0,10529.0,0.0,0.0,1.47,0.0,0.0,0.0,-1.0,-1.0,0.21,0.28,0.232,0.278
0,sz150085,0.953,0.955,0.963,1105125.0,542087.0,563038.0,0.952,59573.0,0.951,22555.0,0.95,61309.0,0.949,9986.0,0.948,2900.0,0.953,23781.0,0.954,31000.0,0.955,25735.0,0.956,25185.0,0.957,24250.0,11.0,20150826111704,-0.002,-0.21,0.963,0.949,0.953,1105125.0,10530.0,0.0,0.0,1.47,0.0,0.0,0.0,-1.0,-1.0,0.21,0.28,0.232,0.278
0,sz150085,0.953,0.955,0.963,1106973.0,543935.0,563038.0,0.952,57122.0,0.951,22555.0,0.95,61309.0,0.949,9986.0,0.948,2900.0,0.953,21933.0,0.954,31000.0,0.955,25735.0,0.956,25185.0,0.957,24250.0,11.0,20150826111718,-0.002,-0.21,0.963,0.949,0.953,1106973.0,10547.0,0.0,0.0,1.47,0.0,0.0,0.0,-1.0,-1.0,0.21,0.281,0.231,0.278
0,sz150085,0.953,0.955,0.963,1111717.0,548679.0,563038.0,0.952,53082.0,0.951,22555.0,0.95,61309.0,0.949,9986.0,0.948,2900.0,0.953,17189.0,0.954,31000.0,0.955,25735.0,0.956,25185.0,0.957,24250.0,11.0,20150826111734,-0.002,-0.21,0.963,0.949,0.953,1111717.0,10592.0,0.0,0.0,1.47,0.0,0.0,0.0,-1.0,-1.0,0.209,0.284,0.23,0.276
0,sz150085,0.953,0.955,0.963,1115753.0,552715.0,563038.0,0.952,53082.0,0.951,22555.0,0.95,61309.0,0.949,9986.0,0.948,2900.0,0.953,13153.0,0.954,31000.0,0.955,25735.0,0.956,25185.0,0.957,24250.0,11.0,20150826111745,-0.002,-0.21,0.963,0.949,0.953,1115753.0,10631.0,0.0,0.0,1.47,0.0,0.0,0.0,-1.0,-1.0,0.208,0.287,0.229,0.275
0,sz150085,0.953,0.955,0.963,1128907.0,565869.0,563038.0,0.953,5181.0,0.952,53082.0,0.951,22555.0,0.95,61309.0,0.949,9986.0,0.954,31000.0,0.955,25735.0,0.956,25185.0,0.957,24250.0,0.958,6000.0,11.0,20150826111800,-0.002,-0.21,0.963,0.949,0.953,1128907.0,10756.0,0.0,0.0,1.47,0.0,0.0,0.0,-1.0,-1.0,0.216,0.286,0.227,0.272
0,sz150085,0.953,0.955,0.963,1128907.0,565869.0,563038.0,0.953,22726.0,0.952,43176.0,0.951,22555.0,0.95,61309.0,0.949,9986.0,0.954,31000.0,0.955,25735.0,0.956,25185.0,0.957,24250.0,0.958,6000.0,11.0,20150826111812,-0.002,-0.21,0.963,0.949,0.953,1128907.0,10756.0,0.0,0.0,1.47,0.0,0.0,0.0,-1.0,-1.0,0.216,0.286,0.227,0.272
0,sz150085,0.953,0.955,0.963,1128907.0,565869.0,563038.0,0.953,59526.0,0.952,39458.0,0.951,22555.0,0.95,61309.0,0.949,9986.0,0.954,31200.0,0.955,25735.0,0.956,25185.0,0.957,24250.0,0.958,6000.0,11.0,20150826111827,-0.002,-0.21,0.963,0.949,0.953,1128907.0,10756.0,0.0,0.0,1.47,0.0,0.0,0.0,-1.0,-1.0,0.216,0.286,0.227,0.272
0,sz150085,0.954,0.955,0.963,1133020.0,569982.0,563038.0,0.953,59526.0,0.952,39258.0,0.951,42555.0,0.95,61309.0,0.949,9986.0,0.954,27087.0,0.955,25735.0,0.956,25185.0,0.957,24250.0,0.958,6000.0,11.0,20150826111845,-0.001,-0.1,0.963,0.949,0.953,1133020.0,10796.0,0.0,0.0,1.47,0.0,0.0,0.0,-1.0,-1.0,0.215,0.288,0.226,0.271
0,sz150085,0.954,0.955,0.963,1133020.0,569982.0,563038.0,0.953,60686.0,0.952,39258.0,0.951,42555.0,0.95,61309.0,0.949,9986.0,0.954,27087.0,0.955,25735.0,0.956,25185.0,0.957,24250.0,0.958,6000.0,11.0,20150826111857,-0.001,-0.1,0.963,0.949,0.953,1133020.0,10796.0,0.0,0.0,1.47,0.0,0.0,0.0,-1.0,-1.0,0.215,0.288,0.226,0.271
0,sz150085,0.953,0.955,0.963,1133271.0,570002.0,563269.0,0.953,62155.0,0.952,39258.0,0.951,68025.0,0.95,61309.0,0.949,9986.0,0.954,49067.0,0.955,25735.0,0.956,25185.0,0.957,24250.0,0.958,6000.0,11.0,20150826111913,-0.002,-0.21,0.963,0.949,0.954,1133271.0,10798.0,0.0,0.0,1.47,0.0,0.0,0.0,-1.0,-1.0,0.215,0.288,0.226,0.271
0,sz150085,0.953,0.955,0.963,1185281.0,572012.0,613269.0,0.953,12155.0,0.952,39258.0,0.951,68025.0,0.95,61309.0,0.949,9986.0,0.954,47057.0,0.955,25735.0,0.956,25185.0,0.957,24250.0,0.958,6000.0,11.0,20150826111927,-0.002,-0.21,0.963,0.949,0.954,1185281.0,11294.0,0.0,0.0,1.47,0.0,0.0,0.0,-1.0,-1.0,0.205,0.278,0.258,0.259
0,sz150085,0.954,0.955,0.963,1185790.0,572521.0,613269.0,0.953,12155.0,0.952,38327.0,0.951,67525.0,0.95,61309.0,0.949,9986.0,0.954,46548.0,0.955,25735.0,0.956,25185.0,0.957,24250.0,0.958,6000.0,11.0,20150826111942,-0.001,-0.1,0.963,0.949,0.954,1185790.0,11298.0,0.0,0.0,1.47,0.0,0.0,0.0,-1.0,-1.0,0.205,0.278,0.258,0.259
0,sz150085,0.954,0.955,0.963,1185840.0,572571.0,613269.0,0.953,38736.0,0.952,41127.0,0.951,67525.0,0.95,61309.0,0.949,9986.0,0.954,46498.0,0.955,25735.0,0.956,25185.0,0.957,24250.0,0.958,6000.0,11.0,20150826111955,-0.001,-0.1,0.963,0.949,0.954,1185840.0,11299.0,0.0,0.0,1.47,0.0,0.0,0.0,-1.0,-1.0,0.205,0.278,0.258,0.259
0,sz150085,0.954,0.955,0.963,1186470.0,573201.0,613269.0,0.953,39666.0,0.952,41127.0,0.951,67525.0,0.95,61309.0,0.949,9986.0,0.954,55868.0,0.955,25735.0,0.956,25185.0,0.957,24250.0,0.958,6000.0,11.0,20150826112007,-0.001,-0.1,0.963,0.949,0.954,1186470.0,11305.0,0.0,0.0,1.47,0.0,0.0,0.0,-1.0,-1.0,0.205,0.278,0.258,0.259
0,sz150085,0.954,0.955,0.963,1186470.0,573201.0,613269.0,0.953,39666.0,0.952,41127.0,0.951,67525.0,0.95,61309.0,0.949,9986.0,0.954,55868.0,0.955,25735.0,0.956,25185.0,0.957,24250.0,0.958,6000.0,11.0,20150826112025,-0.001,-0.1,0.963,0.949,0.954,1186470.0,11305.0,0.0,0.0,1.47,0.0,0.0,0.0,-1.0,-1.0,0.205,0.278,0.258,0.259
0,sz150085,0.954,0.955,0.963,1186470.0,573201.0,613269.0,0.953,51666.0,0.952,41127.0,0.951,66525.0,0.95,61309.0,0.949,9986.0,0.954,56868.0,0.955,25735.0,0.956,25185.0,0.957,24250.0,0.958,6000.0,11.0,20150826112039,-0.001,-0.1,0.963,0.949,0.954,1186470.0,11305.0,0.0,0.0,1.47,0.0,0.0,0.0,-1.0,-1.0,0.205,0.278,0.258,0.259
0,sz150085,0.954,0.955,0.963,1204570.0,591301.0,613269.0,0.953,51866.0,0.952,41127.0,0.951,66525.0,0.95,61309.0,0.949,9986.0,0.954,38768.0,0.955,25735.0,0.956,25185.0,0.957,24250.0,0.958,6000.0,11.0,20150826112054,-0.001,-0.1,0.963,0.949,0.954,1204570.0,11478.0,0.0,0.0,1.47,0.0,0.0,0.0,-1.0,-1.0,0.202,0.289,0.254,0.255
0,sz150085,0.954,0.955,0.963,1204619.0,591350.0,613269.0,0.953,51866.0,0.952,41127.0,0.951,66525.0,0.95,62309.0,0.949,9986.0,0.954,38719.0,0.955,25735.0,0.956,25185.0,0.957,24250.0,0.958,6000.0,11.0,20150826112110,-0.001,-0.1,0.963,0.949,0.954,1204619.0,11478.0,0.0,0.0,1.47,0.0,0.0,0.0,-1.0,-1.0,0.202,0.289,0.254,0.255
0,sz150085,0.954,0.955,0.963,1216868.0,603599.0,613269.0,0.953,51866.0,0.952,41127.0,0.951,66525.0,0.95,62309.0,0.949,9986.0,0.954,26470.0,0.955,25735.0,0.956,25185.0,0.957,24250.0,0.958,6000.0,11.0,20150826112122,-0.001,-0.1,0.963,0.949,0.954,1216868.0,11595.0,0.0,0.0,1.47,0.0,0.0,0.0,-1.0,-1.0,0.2,0.296,0.251,0.253
0,sz150085,0.954,0.955,0.963,1230175.0,616706.0,613469.0,0.953,48061.0,0.952,41127.0,0.951,66525.0,0.95,62309.0,0.949,9986.0,0.954,13363.0,0.955,25735.0,0.956,25185.0,0.957,24250.0,0.958,6000.0,11.0,20150826112137,-0.001,-0.1,0.963,0.949,0.954,1230175.0,11722.0,0.0,0.0,1.47,0.0,0.0,0.0,-1.0,-1.0,0.198,0.304,0.249,0.25
0,sz150085,0.954,0.955,0.963,1253538.0,630069.0,623469.0,0.954,24547.0,0.953,48061.0,0.952,41127.0,0.951,66525.0,0.95,62309.0,0.955,25735.0,0.956,25185.0,0.957,24250.0,0.958,6000.0,0.959,10000.0,11.0,20150826112154,-0.001,-0.1,0.963,0.949,0.954,1253538.0,11945.0,0.0,0.0,1.47,0.0,0.0,0.0,-1.0,-1.0,0.204,0.299,0.244,0.253
0,sz150085,0.955,0.955,0.963,1260411.0,636857.0,623554.0,0.954,29873.0,0.953,38061.0,0.952,25812.0,0.951,66735.0,0.95,62309.0,0.955,23735.0,0.956,25100.0,0.957,24250.0,0.958,6000.0,0.959,10000.0,11.0,20150826112207,0.0,0.0,0.963,0.949,0.954,1260411.0,12010.0,0.0,0.0,1.47,0.0,0.0,0.0,-1.0,-1.0,0.204,0.299,0.244,0.253
0,sz150085,0.955,0.955,0.963,1268929.0,645375.0,623554.0,0.954,34804.0,0.953,38061.0,0.952,25812.0,0.951,65735.0,0.95,62309.0,0.955,25252.0,0.956,25100.0,0.957,24250.0,0.958,6000.0,0.959,10000.0,11.0,20150826112224,0.0,0.0,0.963,0.949,0.954,1268929.0,12092.0,0.0,0.0,1.47,0.0,0.0,0.0,-1.0,-1.0,0.202,0.304,0.242,0.251
0,sz150085,0.955,0.955,0.963,1276070.0,652516.0,623554.0,0.954,33604.0,0.953,37030.0,0.952,25812.0,0.951,65535.0,0.95,62309.0,0.955,18111.0,0.956,25100.0,0.957,24250.0,0.958,6000.0,0.959,10000.0,11.0,20150826112236,0.0,0.0,0.963,0.949,0.954,1276070.0,12160.0,0.0,0.0,1.47,0.0,0.0,0.0,-1.0,-1.0,0.2,0.311,0.24,0.249
0,sz150085,0.955,0.955,0.963,1287039.0,663485.0,623554.0,0.954,31404.0,0.953,35030.0,0.952,25812.0,0.951,65535.0,0.95,62309.0,0.955,57142.0,0.956,25100.0,0.957,24250.0,0.958,6000.0,0.959,10000.0,11.0,20150826112255,0.0,0.0,0.963,0.949,0.954,1287039.0,12265.0,0.0,0.0,1.47,0.0,0.0,0.0,-1.0,-1.0,0.198,0.317,0.238,0.247
0,sz150085,0.955,0.955,0.963,1287389.0,663835.0,623554.0,0.954,40404.0,0.953,35030.0,0.952,25812.0,0.951,65535.0,0.95,62309.0,0.955,74792.0,0.956,25100.0,0.957,24250.0,0.958,6000.0,0.959,10000.0,11.0,20150826112310,0.0,0.0,0.963,0.949,0.955,1287389.0,12268.0,0.0,0.0,1.47,0.0,0.0,0.0,-1.0,-1.0,0.198,0.317,0.238,0.247
0,sz150085,0.955,0.955,0.963,1319002.0,674335.0,644667.0,0.954,9404.0,0.953,36030.0,0.952,25812.0,0.951,65035.0,0.95,62409.0,0.955,74179.0,0.956,25100.0,0.957,24250.0,0.958,6000.0,0.959,10000.0,11.0,20150826112325,0.0,0.0,0.963,0.949,0.955,1319002.0,12570.0,0.0,0.0,1.47,0.0,0.0,0.0,-1.0,-1.0,0.201,0.31,0.232,0.257
0,sz150085,0.955,0.955,0.963,1333002.0,678930.0,654072.0,0.954,8316.0,0.953,36530.0,0.952,25812.0,0.951,64535.0,0.95,62409.0,0.955,73179.0,0.956,25100.0,0.957,24250.0,0.958,6000.0,0.959,10000.0,11.0,20150826112337,0.0,0.0,0.963,0.949,0.955,1333002.0,12703.0,0.0,0.0,1.47,0.0,0.0,0.0,-1.0,-1.0,0.2,0.309,0.23,0.261
0,sz150085,0.954,0.955,0.963,1338002.0,678930.0,659072.0,0.954,5316.0,0.953,36530.0,0.952,25812.0,0.951,64535.0,0.95,62409.0,0.955,78379.0,0.956,25100.0,0.957,24250.0,0.958,6000.0,0.959,10000.0,11.0,20150826112354,-0.001,-0.1,0.963,0.949,0.955,1338002.0,12751.0,0.0,0.0,1.47,0.0,0.0,0.0,-1.0,-1.0,0.199,0.309,0.229,0.264
0,sz150085,0.954,0.955,0.963,1343202.0,678930.0,664272.0,0.954,10116.0,0.953,36530.0,0.952,25812.0,0.951,64535.0,0.95,62409.0,0.955,83379.0,0.956,30100.0,0.957,24250.0,0.958,6000.0,0.959,10000.0,11.0,20150826112410,-0.001,-0.1,0.963,0.949,0.954,1343202.0,12800.0,0.0,0.0,1.47,0.0,0.0,0.0,-1.0,-1.0,0.198,0.308,0.228,0.267
0,sz150085,0.954,0.955,0.963,1343423.0,678930.0,664493.0,0.954,9895.0,0.953,36530.0,0.952,25812.0,0.951,64535.0,0.95,62409.0,0.955,83379.0,0.956,30100.0,0.957,24250.0,0.958,6000.0,0.959,10000.0,11.0,20150826112428,-0.001,-0.1,0.963,0.949,0.954,1343423.0,12803.0,0.0,0.0,1.47,0.0,0.0,0.0,-1.0,-1.0,0.198,0.308,0.228,0.267
0,sz150085,0.954,0.955,0.963,1343423.0,678930.0,664493.0,0.954,27895.0,0.953,36030.0,0.952,25812.0,0.951,64535.0,0.95,62409.0,0.955,83379.0,0.956,40100.0,0.957,24250.0,0.958,6000.0,0.959,10000.0,11.0,20150826112443,-0.001,-0.1,0.963,0.949,0.954,1343423.0,12803.0,0.0,0.0,1.47,0.0,0.0,0.0,-1.0,-1.0,0.198,0.308,0.228,0.267
0,sz150085,0.954,0.955,0.963,1343423.0,678930.0,664493.0,0.954,28395.0,0.953,36030.0,0.952,25812.0,0.951,64535.0,0.95,62409.0,0.955,83379.0,0.956,40100.0,0.957,24250.0,0.958,6000.0,0.959,10000.0,11.0,20150826112458,-0.001,-0.1,0.963,0.949,0.954,1343423.0,12803.0,0.0,0.0,1.47,0.0,0.0,0.0,-1.0,-1.0,0.198,0.308,0.228,0.267
0,sz150085,0.955,0.955,0.963,1343923.0,679430.0,664493.0,0.954,28395.0,0.953,36030.0,0.952,25812.0,0.951,64535.0,0.95,62409.0,0.955,82879.0,0.956,40100.0,0.957,24250.0,0.958,6000.0,0.959,10000.0,11.0,20150826112510,0.0,0.0,0.963,0.949,0.954,1343923.0,12807.0,0.0,0.0,1.47,0.0,0.0,0.0,-1.0,-1.0,0.198,0.308,0.228,0.267
0,sz150085,0.955,0.955,0.963,1343924.0,679431.0,664493.0,0.954,28395.0,0.953,36136.0,0.952,25812.0,0.951,64535.0,0.95,62409.0,0.955,82878.0,0.956,40100.0,0.957,24250.0,0.958,6000.0,0.959,10000.0,11.0,20150826112528,0.0,0.0,0.963,0.949,0.954,1343924.0,12807.0,0.0,0.0,1.47,0.0,0.0,0.0,-1.0,-1.0,0.198,0.308,0.228,0.267
0,sz150085,0.955,0.955,0.963,1343934.0,679441.0,664493.0,0.954,28395.0,0.953,36156.0,0.952,25812.0,0.951,70535.0,0.95,62409.0,0.955,82868.0,0.956,40100.0,0.957,24250.0,0.958,6000.0,0.959,10000.0,11.0,20150826112543,0.0,0.0,0.963,0.949,0.954,1343934.0,12807.0,0.0,0.0,1.47,0.0,0.0,0.0,-1.0,-1.0,0.198,0.308,0.228,0.267
0,sz150085,0.955,0.955,0.963,1343934.0,679441.0,664493.0,0.954,29423.0,0.953,36156.0,0.952,25812.0,0.951,70535.0,0.95,62409.0,0.955,82868.0,0.956,40100.0,0.957,24250.0,0.958,6000.0,0.959,10000.0,11.0,20150826112558,0.0,0.0,0.963,0.949,0.954,1343934.0,12807.0,0.0,0.0,1.47,0.0,0.0,0.0,-1.0,-1.0,0.197,0.309,0.227,0.266
0,sz150085,0.955,0.955,0.963,1426803.0,762310.0,664493.0,0.955,19131.0,0.954,37423.0,0.953,36156.0,0.952,25812.0,0.951,70535.0,0.956,41100.0,0.957,24250.0,0.958,6000.0,0.959,10000.0,0.96,49081.0,11.0,20150826112613,0.0,0.0,0.963,0.949,0.955,1426803.0,13599.0,0.0,0.0,1.47,0.0,0.0,0.0,-1.0,-1.0,0.243,0.291,0.214,0.251
0,sz150085,0.955,0.955,0.963,1426803.0,762310.0,664493.0,0.955,19131.0,0.954,46395.0,0.953,36156.0,0.952,25812.0,0.951,70535.0,0.956,42100.0,0.957,24250.0,0.958,6000.0,0.959,10000.0,0.96,49081.0,11.0,20150826112631,0.0,0.0,0.963,0.949,0.955,1426803.0,13599.0,0.0,0.0,1.47,0.0,0.0,0.0,-1.0,-1.0,0.243,0.291,0.214,0.251
0,sz150085,0.955,0.955,0.963,1439595.0,762310.0,677285.0,0.955,17131.0,0.954,46395.0,0.953,36156.0,0.952,25812.0,0.951,70535.0,0.956,36308.0,0.957,24250.0,0.958,6000.0,0.959,10000.0,0.96,49081.0,11.0,20150826112646,0.0,0.0,0.963,0.949,0.955,1439595.0,13721.0,0.0,0.0,1.47,0.0,0.0,0.0,-1.0,-1.0,0.241,0.289,0.221,0.249
0,sz150085,0.955,0.955,0.963,1439595.0,762310.0,677285.0,0.955,46720.0,0.954,56395.0,0.953,36156.0,0.952,25812.0,0.951,70535.0,0.956,36308.0,0.957,27250.0,0.958,11000.0,0.959,10000.0,0.96,49081.0,11.0,20150826112701,0.0,0.0,0.963,0.949,0.955,1439595.0,13721.0,0.0,0.0,1.47,0.0,0.0,0.0,-1.0,-1.0,0.241,0.289,0.221,0.249
0,sz150085,0.956,0.955,0.963,1449596.0,772311.0,677285.0,0.955,56720.0,0.954,56395.0,0.953,36156.0,0.952,25812.0,0.951,70535.0,0.956,27307.0,0.957,27250.0,0.958,11000.0,0.959,10000.0,0.96,49081.0,11.0,20150826112716,0.001,0.1,0.963,0.949,0.955,1449596.0,13817.0,0.0,0.0,1.47,0.0,0.0,0.0,-1.0,-1.0,0.239,0.294,0.22,0.247
0,sz150085,0.956,0.955,0.963,1459596.0,782311.0,677285.0,0.955,56720.0,0.954,56395.0,0.953,36156.0,0.952,25812.0,0.951,70535.0,0.956,17307.0,0.957,28250.0,0.958,11000.0,0.959,10000.0,0.96,49081.0,11.0,20150826112731,0.001,0.1,0.963,0.949,0.955,1459596.0,13912.0,0.0,0.0,1.47,0.0,0.0,0.0,-1.0,-1.0,0.238,0.298,0.218,0.246
0,sz150085,0.955,0.955,0.963,1526903.0,799618.0,727285.0,0.955,7873.0,0.954,46500.0,0.953,35656.0,0.952,25812.0,0.951,70535.0,0.957,28250.0,0.958,13000.0,0.959,10000.0,0.96,50081.0,0.961,1000.0,11.0,20150826112746,0.0,0.0,0.963,0.949,0.955,1526903.0,14555.0,0.0,0.0,1.47,0.0,0.0,0.0,-1.0,-1.0,0.227,0.297,0.241,0.235
0,sz150085,0.956,0.955,0.963,1527003.0,799718.0,727285.0,0.955,7873.0,0.954,46500.0,0.953,35656.0,0.952,25812.0,0.951,70535.0,0.956,49900.0,0.957,28250.0,0.958,13000.0,0.959,10000.0,0.96,50081.0,11.0,20150826112804,0.001,0.1,0.963,0.949,0.955,1527003.0,14556.0,0.0,0.0,1.47,0.0,0.0,0.0,-1.0,-1.0,0.227,0.297,0.241,0.235
0,sz150085,0.956,0.955,0.963,1527353.0,800068.0,727285.0,0.955,7823.0,0.954,46500.0,0.953,35656.0,0.952,25812.0,0.951,70535.0,0.956,49600.0,0.957,28250.0,0.958,13000.0,0.959,10000.0,0.96,50081.0,11.0,20150826112819,0.001,0.1,0.963,0.949,0.955,1527353.0,14560.0,0.0,0.0,1.47,0.0,0.0,0.0,-1.0,-1.0,0.227,0.297,0.241,0.235
0,sz150085,0.956,0.955,0.963,1527353.0,800068.0,727285.0,0.955,35978.0,0.954,46500.0,0.953,35656.0,0.952,25812.0,0.951,70535.0,0.956,49600.0,0.957,28250.0,0.958,13000.0,0.959,10000.0,0.96,50081.0,11.0,20150826112837,0.001,0.1,0.963,0.949,0.955,1527353.0,14560.0,0.0,0.0,1.47,0.0,0.0,0.0,-1.0,-1.0,0.227,0.297,0.241,0.235
0,sz150085,0.956,0.955,0.963,1527353.0,800068.0,727285.0,0.955,66478.0,0.954,46500.0,0.953,35656.0,0.952,25812.0,0.951,70535.0,0.956,51600.0,0.957,28250.0,0.958,13000.0,0.959,10000.0,0.96,50081.0,11.0,20150826112852,0.001,0.1,0.963,0.949,0.955,1527353.0,14560.0,0.0,0.0,1.47,0.0,0.0,0.0,-1.0,-1.0,0.227,0.297,0.241,0.235
0,sz150085,0.956,0.955,0.963,1527353.0,800068.0,727285.0,0.955,69478.0,0.954,46500.0,0.953,35656.0,0.952,25812.0,0.951,70535.0,0.956,51600.0,0.957,28250.0,0.958,13000.0,0.959,10000.0,0.96,50081.0,11.0,20150826112907,0.001,0.1,0.963,0.949,0.956,1527353.0,14560.0,0.0,0.0,1.47,0.0,0.0,0.0,-1.0,-1.0,0.227,0.297,0.241,0.235
0,sz150085,0.956,0.955,0.963,1527353.0,800068.0,727285.0,0.955,78478.0,0.954,46500.0,0.953,35656.0,0.952,25812.0,0.951,70535.0,0.956,51600.0,0.957,28250.0,0.958,13000.0,0.959,10000.0,0.96,50081.0,11.0,20150826112922,0.001,0.1,0.963,0.949,0.956,1527353.0,14560.0,0.0,0.0,1.47,0.0,0.0,0.0,-1.0,-1.0,0.227,0.297,0.241,0.235
0,sz150085,0.956,0.955,0.963,1548943.0,821658.0,727285.0,0.955,78478.0,0.954,46500.0,0.953,35656.0,0.952,25812.0,0.951,70896.0,0.956,30010.0,0.957,28250.0,0.958,13000.0,0.959,10000.0,0.96,50081.0,11.0,20150826112940,0.001,0.1,0.963,0.949,0.956,1548943.0,14766.0,0.0,0.0,1.47,0.0,0.0,0.0,-1.0,-1.0,0.238,0.293,0.238,0.231
0,sz150085,0.956,0.955,0.963,1548943.0,821658.0,727285.0,0.955,78478.0,0.954,46500.0,0.953,35656.0,0.952,25812.0,0.951,70896.0,0.956,30010.0,0.957,28250.0,0.958,13000.0,0.959,10000.0,0.96,50081.0,11.0,20150826112958,0.001,0.1,0.963,0.949,0.956,1548943.0,14766.0,0.0,0.0,1.47,0.0,0.0,0.0,-1.0,-1.0,0.238,0.293,0.238,0.231
0,sz150085,0.956,0.955,0.963,1548943.0,821658.0,727285.0,0.955,78478.0,0.954,46500.0,0.953,35656.0,0.952,25812.0,0.951,70896.0,0.956,30010.0,0.957,28250.0,0.958,13000.0,0.959,10000.0,0.96,50081.0,11.0,20150826113007,0.001,0.1,0.963,0.949,0.956,1548943.0,14766.0,0.0,0.0,1.47,0.0,0.0,0.0,-1.0,-1.0,0.238,0.293,0.238,0.231
0,sz150085,0.956,0.955,0.963,1548943.0,821658.0,727285.0,0.955,78478.0,0.954,46500.0,0.953,35656.0,0.952,25812.0,0.951,70896.0,0.956,30010.0,0.957,28250.0,0.958,13000.0,0.959,10000.0,0.96,50081.0,11.0,20150826113022,0.001,0.1,0.963,0.949,0.956,1548943.0,14766.0,0.0,0.0,1.47,0.0,0.0,0.0,-1.0,-1.0,0.238,0.293,0.238,0.231
0,sz150085,0.956,0.955,0.963,1548943.0,821658.0,727285.0,0.955,78478.0,0.954,46500.0,0.953,35656.0,0.952,25812.0,0.951,70896.0,0.956,30010.0,0.957,28250.0,0.958,13000.0,0.959,10000.0,0.96,50081.0,11.0,20150826113046,0.001,0.1,0.963,0.949,0.956,1548943.0,14766.0,0.0,0.0,1.47,0.0,0.0,0.0,-1.0,-1.0,0.238,0.293,0.238,0.231
0,sz150085,0.956,0.955,0.963,1548943.0,821658.0,727285.0,0.955,78478.0,0.954,46500.0,0.953,35656.0,0.952,25812.0,0.951,70896.0,0.956,30010.0,0.957,28250.0,0.958,13000.0,0.959,10000.0,0.96,50081.0,11.0,20150826113049,0.001,0.1,0.963,0.949,0.956,1548943.0,14766.0,0.0,0.0,1.47,0.0,0.0,0.0,-1.0,-1.0,0.238,0.293,0.238,0.231
0,sz150085,0.956,0.955,0.963,1548943.0,821658.0,727285.0,0.955,78478.0,0.954,46500.0,0.953,35656.0,0.952,25812.0,0.951,70896.0,0.956,30010.0,0.957,28250.0,0.958,13000.0,0.959,10000.0,0.96,50081.0,11.0,20150826124956,0.001,0.1,0.963,0.949,0.956,1548943.0,14766.0,0.0,0.0,1.47,0.0,0.0,0.0,-1.0,-1.0,0.238,0.293,0.238,0.231
0,sz150085,0.957,0.955,0.963,1683062.0,938421.0,744641.0,0.956,40307.0,0.955,179713.0,0.954,39069.0,0.953,35356.0,0.952,24110.0,0.957,5442.0,0.958,13000.0,0.959,10000.0,0.96,50081.0,0.961,1000.0,13.0,20150826130011,0.002,0.21,0.963,0.949,0.956,1683062.0,16048.0,0.0,0.0,1.47,0.0,0.0,0.0,-1.0,-1.0,0.288,0.27,0.229,0.213
0,sz150085,0.958,0.955,0.963,1689836.0,945195.0,744641.0,0.957,10958.0,0.956,85987.0,0.955,179733.0,0.954,39069.0,0.953,35356.0,0.958,12180.0,0.959,10000.0,0.96,50081.0,0.961,1000.0,0.962,2298.0,13.0,20150826130030,0.003,0.31,0.963,0.949,0.956,1689836.0,16113.0,0.0,0.0,1.47,0.0,0.0,0.0,-1.0,-1.0,0.287,0.273,0.228,0.212
0,sz150085,0.958,0.955,0.963,1690992.0,946351.0,744641.0,0.957,16456.0,0.956,87163.0,0.955,179733.0,0.954,39069.0,0.953,3894.0,0.958,22024.0,0.959,10000.0,0.96,50081.0,0.961,1000.0,0.962,2298.0,13.0,20150826130044,0.003,0.31,0.963,0.949,0.956,1690992.0,16124.0,0.0,0.0,1.47,0.0,0.0,0.0,-1.0,-1.0,0.284,0.27,0.236,0.21
0,sz150085,0.958,0.955,0.963,1708902.0,948261.0,760641.0,0.957,17363.0,0.956,85576.0,0.955,179733.0,0.954,39069.0,0.953,3894.0,0.958,29114.0,0.959,30000.0,0.96,50081.0,0.961,1000.0,0.962,2298.0,13.0,20150826130105,0.003,0.31,0.963,0.949,0.958,1708902.0,16296.0,0.0,0.0,1.47,0.0,0.0,0.0,-1.0,-1.0,0.284,0.271,0.235,0.21
0,sz150085,0.957,0.955,0.963,1737346.0,959342.0,778004.0,0.956,85556.0,0.955,179733.0,0.954,39069.0,0.953,3894.0,0.952,24110.0,0.957,14231.0,0.958,20133.0,0.959,30000.0,0.96,50081.0,0.961,1000.0,13.0,20150826130121,0.002,0.21,0.963,0.949,0.958,1737346.0,16568.0,0.0,0.0,1.47,0.0,0.0,0.0,-1.0,-1.0,0.288,0.27,0.234,0.208
0,sz150085,0.957,0.955,0.963,1751577.0,973573.0,778004.0,0.957,3163.0,0.956,91249.0,0.955,179233.0,0.954,39069.0,0.953,3894.0,0.958,20133.0,0.959,30000.0,0.96,50081.0,0.961,1000.0,0.962,2298.0,13.0,20150826130136,0.002,0.21,0.963,0.949,0.958,1751577.0,16704.0,0.0,0.0,1.47,0.0,0.0,0.0,-1.0,-1.0,0.283,0.273,0.239,0.205
0,sz150085,0.957,0.955,0.963,1754933.0,973765.0,781168.0,0.956,136899.0,0.955,169333.0,0.954,39069.0,0.953,3894.0,0.952,24110.0,0.957,3644.0,0.958,20133.0,0.959,30000.0,0.96,50081.0,0.961,1000.0,13.0,20150826130153,0.002,0.21,0.963,0.949,0.958,1754933.0,16736.0,0.0,0.0,1.47,0.0,0.0,0.0,-1.0,-1.0,0.283,0.272,0.239,0.206
0,sz150085,0.957,0.955,0.963,1755033.0,973865.0,781168.0,0.956,142853.0,0.955,169333.0,0.954,39069.0,0.953,3894.0,0.952,24110.0,0.957,3544.0,0.958,20133.0,0.959,30000.0,0.96,50081.0,0.961,1000.0,13.0,20150826130212,0.002,0.21,0.963,0.949,0.957,1755033.0,16737.0,0.0,0.0,1.47,0.0,0.0,0.0,-1.0,-1.0,0.283,0.272,0.239,0.206
0,sz150085,0.957,0.955,0.963,1766003.0,979686.0,786317.0,0.957,17378.0,0.956,143558.0,0.955,169333.0,0.954,39069.0,0.953,3894.0,0.958,20040.0,0.959,30000.0,0.96,50081.0,0.961,1000.0,0.962,2298.0,13.0,20150826130227,0.002,0.21,0.963,0.949,0.957,1766003.0,16842.0,0.0,0.0,1.47,0.0,0.0,0.0,-1.0,-1.0,0.281,0.274,0.237,0.208
0,sz150085,0.958,0.955,0.963,1767360.0,981043.0,786317.0,0.957,19378.0,0.956,137074.0,0.955,170379.0,0.954,39069.0,0.953,3894.0,0.958,18683.0,0.959,30000.0,0.96,50081.0,0.961,1000.0,0.962,2298.0,13.0,20150826130244,0.003,0.31,0.963,0.949,0.957,1767360.0,16855.0,0.0,0.0,1.47,0.0,0.0,0.0,-1.0,-1.0,0.281,0.275,0.237,0.208
0,sz150085,0.958,0.955,0.963,1771990.0,985673.0,786317.0,0.957,26555.0,0.956,137074.0,0.955,170379.0,0.954,39069.0,0.953,3894.0,0.958,14053.0,0.959,30000.0,0.96,50081.0,0.961,1000.0,0.962,2298.0,13.0,20150826130302,0.003,0.31,0.963,0.949,0.957,1771990.0,16900.0,0.0,0.0,1.47,0.0,0.0,0.0,-1.0,-1.0,0.28,0.277,0.237,0.207
0,sz150085,0.958,0.955,0.963,1785131.0,998814.0,786317.0,0.957,25774.0,0.956,146949.0,0.955,170379.0,0.954,29069.0,0.953,3894.0,0.958,1693.0,0.959,30000.0,0.96,50081.0,0.961,1000.0,0.962,2298.0,13.0,20150826130320,0.003,0.31,0.963,0.949,0.958,1785131.0,17026.0,0.0,0.0,1.47,0.0,0.0,0.0,-1.0,-1.0,0.278,0.282,0.235,0.205
0,sz150085,0.958,0.955,0.963,1786924.0,1000607.0,786317.0,0.958,1526.0,0.957,48298.0,0.956,146949.0,0.955,170379.0,0.954,29069.0,0.959,35000.0,0.96,50273.0,0.962,2298.0,0.963,10750.0,0.964,4500.0,13.0,20150826130335,0.003,0.31,0.963,0.949,0.958,1786924.0,17043.0,0.0,0.0,1.47,0.0,0.0,0.0,-1.0,-1.0,0.278,0.283,0.235,0.205
0,sz150085,0.959,0.955,0.963,1788333.0,1002016.0,786317.0,0.958,11077.0,0.957,48298.0,0.956,146949.0,0.955,170379.0,0.954,29069.0,0.959,28591.0,0.96,50081.0,0.962,5298.0,0.963,750.0,0.964,2500.0,13.0,20150826130357,0.004,0.42,0.963,0.949,0.958,1788333.0,17056.0,0.0,0.0,1.47,0.0,0.0,0.0,-1.0,-1.0,0.277,0.283,0.235,0.205
0,sz150085,0.959,0.955,0.963,1791333.0,1005016.0,786317.0,0.958,23147.0,0.957,42775.0,0.956,146949.0,0.955,170379.0,0.954,29069.0,0.959,44356.0,0.96,50081.0,0.962,5298.0,0.963,750.0,0.964,2500.0,13.0,20150826130412,0.004,0.42,0.963,0.949,0.959,1791333.0,17085.0,0.0,0.0,1.47,0.0,0.0,0.0,-1.0,-1.0,0.277,0.284,0.234,0.205
0,sz150085,0.959,0.955,0.963,1792633.0,1006316.0,786317.0,0.958,28790.0,0.957,42775.0,0.956,146949.0,0.955,170379.0,0.954,29069.0,0.959,44056.0,0.96,50081.0,0.962,5298.0,0.963,750.0,0.964,2500.0,13.0,20150826130429,0.004,0.42,0.963,0.949,0.959,1792633.0,17098.0,0.0,0.0,1.47,0.0,0.0,0.0,-1.0,-1.0,0.277,0.285,0.234,0.205
0,sz150085,0.959,0.955,0.963,1793633.0,1007316.0,786317.0,0.958,31390.0,0.957,42775.0,0.956,147884.0,0.955,170379.0,0.954,29069.0,0.959,48056.0,0.96,50081.0,0.962,5298.0,0.963,750.0,0.964,2500.0,13.0,20150826130447,0.004,0.42,0.963,0.949,0.959,1793633.0,17107.0,0.0,0.0,1.47,0.0,0.0,0.0,-1.0,-1.0,0.277,0.285,0.234,0.205
0,sz150085,0.959,0.955,0.963,1793883.0,1007566.0,786317.0,0.958,31390.0,0.957,41775.0,0.956,147884.0,0.955,170379.0,0.954,29069.0,0.959,47806.0,0.96,50081.0,0.962,5298.0,0.963,750.0,0.964,2500.0,13.0,20150826130505,0.004,0.42,0.963,0.949,0.959,1793883.0,17110.0,0.0,0.0,1.47,0.0,0.0,0.0,-1.0,-1.0,0.276,0.285,0.234,0.204
0,sz150085,0.959,0.955,0.963,1838989.0,1052672.0,786317.0,0.958,32190.0,0.957,41775.0,0.956,147884.0,0.955,170389.0,0.954,29069.0,0.959,2700.0,0.96,50081.0,0.962,5298.0,0.963,750.0,0.964,2500.0,13.0,20150826130523,0.004,0.42,0.963,0.949,0.959,1838989.0,17542.0,0.0,0.0,1.47,0.0,0.0,0.0,-1.0,-1.0,0.294,0.278,0.228,0.199
0,sz150085,0.959,0.955,0.963,1841008.0,1054691.0,786317.0,0.958,32131.0,0.957,41775.0,0.956,147754.0,0.955,170389.0,0.954,29069.0,0.959,2693.0,0.96,50081.0,0.962,5250.0,0.963,750.0,0.964,2500.0,13.0,20150826130538,0.004,0.42,0.963,0.949,0.959,1841008.0,17561.0,0.0,0.0,1.47,0.0,0.0,0.0,-1.0,-1.0,0.294,0.279,0.228,0.199
0,sz150085,0.959,0.955,0.963,1871770.0,1085453.0,786317.0,0.958,2610.0,0.957,51675.0,0.956,147754.0,0.955,170389.0,0.954,29069.0,0.959,6931.0,0.96,50081.0,0.962,5250.0,0.963,750.0,0.964,2500.0,13.0,20150826130557,0.004,0.42,0.963,0.949,0.959,1871770.0,17856.0,0.0,0.0,1.47,0.0,0.0,0.0,-1.0,-1.0,0.305,0.275,0.224,0.196
0,sz150085,0.959,0.955,0.963,1873113.0,1086796.0,786317.0,0.958,10610.0,0.957,53175.0,0.956,147754.0,0.955,170389.0,0.954,29069.0,0.959,12688.0,0.96,50273.0,0.962,5250.0,0.963,750.0,0.964,2500.0,13.0,20150826130618,0.004,0.42,0.963,0.949,0.959,1873113.0,17869.0,0.0,0.0,1.47,0.0,0.0,0.0,-1.0,-1.0,0.305,0.275,0.224,0.196
0,sz150085,0.959,0.955,0.963,1873313.0,1086996.0,786317.0,0.958,19638.0,0.957,53175.0,0.956,147754.0,0.955,170389.0,0.954,29069.0,0.959,12488.0,0.96,50273.0,0.962,5250.0,0.963,750.0,0.964,2500.0,13.0,20150826130633,0.004,0.42,0.963,0.949,0.959,1873313.0,17871.0,0.0,0.0,1.47,0.0,0.0,0.0,-1.0,-1.0,0.305,0.275,0.224,0.196
0,sz150085,0.959,0.955,0.963,1873385.0,1087068.0,786317.0,0.958,19610.0,0.957,53175.0,0.956,137754.0,0.955,170389.0,0.954,29069.0,0.959,13416.0,0.96,50273.0,0.962,5250.0,0.963,750.0,0.964,3212.0,13.0,20150826130651,0.004,0.42,0.963,0.949,0.959,1873385.0,17872.0,0.0,0.0,1.47,0.0,0.0,0.0,-1.0,-1.0,0.305,0.275,0.224,0.196
0,sz150085,0.959,0.955,0.963,1878463.0,1092146.0,786317.0,0.958,21310.0,0.957,53175.0,0.956,137753.0,0.955,170389.0,0.954,29069.0,0.959,8338.0,0.96,50273.0,0.962,5250.0,0.963,750.0,0.964,3212.0,13.0,20150826130709,0.004,0.42,0.963,0.949,0.959,1878463.0,17920.0,0.0,0.0,1.47,0.0,0.0,0.0,-1.0,-1.0,0.304,0.277,0.223,0.195
0,sz150085,0.959,0.955,0.963,1881060.0,1094743.0,786317.0,0.958,21310.0,0.957,53175.0,0.956,137753.0,0.955,142347.0,0.954,29069.0,0.959,5741.0,0.96,50273.0,0.962,5250.0,0.963,750.0,0.964,3212.0,13.0,20150826130727,0.004,0.42,0.963,0.949,0.959,1881060.0,17945.0,0.0,0.0,1.47,0.0,0.0,0.0,-1.0,-1.0,0.304,0.278,0.223,0.195
0,sz150085,0.959,0.955,0.963,1883457.0,1096840.0,786617.0,0.958,22030.0,0.957,53175.0,0.956,137753.0,0.955,142347.0,0.954,29069.0,0.959,3644.0,0.96,50273.0,0.962,5250.0,0.963,750.0,0.964,1212.0,13.0,20150826130748,0.004,0.42,0.963,0.949,0.959,1883457.0,17968.0,0.0,0.0,1.47,0.0,0.0,0.0,-1.0,-1.0,0.303,0.279,0.223,0.195
0,sz150085,0.959,0.955,0.963,1886544.0,1099927.0,786617.0,0.958,22030.0,0.957,53175.0,0.956,137753.0,0.955,142347.0,0.954,29069.0,0.959,1769.0,0.96,50273.0,0.962,5250.0,0.963,750.0,0.964,1212.0,13.0,20150826130806,0.004,0.42,0.963,0.949,0.959,1886544.0,17998.0,0.0,0.0,1.47,0.0,0.0,0.0,-1.0,-1.0,0.303,0.28,0.222,0.194
0,sz150085,0.959,0.955,0.963,1888314.0,1101697.0,786617.0,0.959,1679.0,0.958,22030.0,0.957,53352.0,0.956,137753.0,0.955,142347.0,0.96,55273.0,0.962,5250.0,0.963,750.0,0.964,1212.0,0.965,2673.0,13.0,20150826130824,0.004,0.42,0.963,0.949,0.959,1888314.0,18015.0,0.0,0.0,1.47,0.0,0.0,0.0,-1.0,-1.0,0.303,0.281,0.222,0.194
0,sz150085,0.96,0.955,0.963,1889534.0,1102856.0,786678.0,0.959,14560.0,0.958,22030.0,0.957,53352.0,0.956,129753.0,0.955,142347.0,0.96,58614.0,0.962,5250.0,0.963,750.0,0.964,1212.0,0.965,2673.0,13.0,20150826130842,0.005,0.52,0.963,0.949,0.959,1889534.0,18027.0,0.0,0.0,1.47,0.0,0.0,0.0,-1.0,-1.0,0.303,0.281,0.222,0.194
0,sz150085,0.96,0.955,0.963,1890957.0,1104279.0,786678.0,0.959,14760.0,0.958,21830.0,0.957,53352.0,0.956,128776.0,0.955,142347.0,0.96,57191.0,0.962,5250.0,0.963,750.0,0.964,1212.0,0.965,2673.0,13.0,20150826130900,0.005,0.52,0.963,0.949,0.96,1890957.0,18040.0,0.0,0.0,1.47,0.0,0.0,0.0,-1.0,-1.0,0.302,0.282,0.222,0.194
0,sz150085,0.96,0.955,0.963,1892064.0,1105386.0,786678.0,0.959,14760.0,0.958,21830.0,0.957,53352.0,0.956,128776.0,0.955,142347.0,0.96,56084.0,0.962,5250.0,0.963,5750.0,0.964,1212.0,0.965,2673.0,13.0,20150826130918,0.005,0.52,0.963,0.949,0.96,1892064.0,18051.0,0.0,0.0,1.47,0.0,0.0,0.0,-1.0,-1.0,0.302,0.282,0.222,0.194
0,sz150085,0.96,0.955,0.963,1892574.0,1105896.0,786678.0,0.959,14570.0,0.958,21830.0,0.957,53352.0,0.956,128776.0,0.955,142347.0,0.96,55974.0,0.962,5250.0,0.963,5750.0,0.964,1212.0,0.965,2673.0,13.0,20150826130936,0.005,0.52,0.963,0.949,0.96,1892574.0,18056.0,0.0,0.0,1.47,0.0,0.0,0.0,-1.0,-1.0,0.302,0.282,0.222,0.194
0,sz150085,0.96,0.955,0.963,1922764.0,1136086.0,786678.0,0.959,14570.0,0.958,21830.0,0.957,53352.0,0.956,128776.0,0.955,142347.0,0.96,25784.0,0.962,5250.0,0.963,5750.0,0.964,1212.0,0.965,2673.0,13.0,20150826130957,0.005,0.52,0.963,0.949,0.96,1922764.0,18346.0,0.0,0.0,1.47,0.0,0.0,0.0,-1.0,-1.0,0.32,0.275,0.216,0.189
0,sz150085,0.96,0.955,0.963,1948164.0,1161486.0,786678.0,0.959,14570.0,0.958,21830.0,0.957,53352.0,0.956,128776.0,0.955,142347.0,0.96,384.0,0.962,5250.0,0.963,5750.0,0.964,1212.0,0.965,2673.0,13.0,20150826131015,0.005,0.52,0.963,0.949,0.96,1948164.0,18589.0,0.0,0.0,1.47,0.0,0.0,0.0,-1.0,-1.0,0.319,0.277,0.215,0.188
0,sz150085,0.96,0.955,0.963,1948648.0,1161870.0,786778.0,0.96,1654.0,0.959,14370.0,0.958,21830.0,0.957,53352.0,0.956,128776.0,0.962,5250.0,0.963,5750.0,0.964,3212.0,0.965,2673.0,0.966,3500.0,13.0,20150826131036,0.005,0.52,0.963,0.949,0.96,1948648.0,18594.0,0.0,0.0,1.47,0.0,0.0,0.0,-1.0,-1.0,0.319,0.277,0.215,0.188
0,sz150085,0.96,0.955,0.963,1948648.0,1161870.0,786778.0,0.96,2179.0,0.959,15010.0,0.958,20810.0,0.957,52268.0,0.956,100763.0,0.962,8250.0,0.963,5750.0,0.964,3212.0,0.965,2673.0,0.966,3500.0,13.0,20150826131054,0.005,0.52,0.963,0.949,0.96,1948648.0,18594.0,0.0,0.0,1.47,0.0,0.0,0.0,-1.0,-1.0,0.319,0.277,0.215,0.188
0,sz150085,0.962,0.955,0.963,1949266.0,1162488.0,786778.0,0.961,10000.0,0.96,3229.0,0.959,15010.0,0.958,20910.0,0.957,52268.0,0.962,7632.0,0.963,5750.0,0.964,3212.0,0.965,2673.0,0.966,3500.0,13.0,20150826131112,0.007,0.73,0.963,0.949,0.962,1949266.0,18600.0,0.0,0.0,1.47,0.0,0.0,0.0,-1.0,-1.0,0.319,0.278,0.215,0.188
0,sz150085,0.962,0.955,0.963,1952629.0,1165851.0,786778.0,0.961,10000.0,0.96,3470.0,0.959,15010.0,0.958,20810.0,0.957,52268.0,0.962,4269.0,0.963,5750.0,0.964,3212.0,0.965,2673.0,0.966,3500.0,13.0,20150826131127,0.007,0.73,0.963,0.949,0.962,1952629.0,18632.0,0.0,0.0,1.47,0.0,0.0,0.0,-1.0,-1.0,0.318,0.279,0.215,0.188
0,sz150085,0.962,0.955,0.963,1953687.0,1165909.0,787778.0,0.961,9100.0,0.96,3176.0,0.959,15010.0,0.958,20810.0,0.957,52268.0,0.962,4211.0,0.963,5750.0,0.964,3212.0,0.965,2673.0,0.966,3500.0,13.0,20150826131145,0.007,0.73,0.963,0.949,0.962,1953687.0,18642.0,0.0,0.0,1.47,0.0,0.0,0.0,-1.0,-1.0,0.318,0.279,0.215,0.188
0,sz150085,0.961,0.955,0.963,1967898.0,1170120.0,797778.0,0.961,6843.0,0.96,2331.0,0.959,15010.0,0.958,20810.0,0.957,52268.0,0.963,5750.0,0.964,3212.0,0.965,2673.0,0.966,3500.0,0.967,698.0,13.0,20150826131209,0.006,0.63,0.963,0.949,0.962,1967898.0,18779.0,0.0,0.0,1.47,0.0,0.0,0.0,-1.0,-1.0,0.318,0.28,0.214,0.188
0,sz150085,0.961,0.955,0.963,1974841.0,1170120.0,804721.0,0.96,2331.0,0.959,7210.0,0.958,20810.0,0.957,52268.0,0.956,100763.0,0.961,3057.0,0.962,10.0,0.963,5758.0,0.964,3212.0,0.965,2673.0,13.0,20150826131227,0.006,0.63,0.963,0.949,0.962,1974841.0,18846.0,0.0,0.0,1.47,0.0,0.0,0.0,-1.0,-1.0,0.315,0.278,0.212,0.195
0,sz150085,0.963,0.955,0.963,1977944.0,1173223.0,804721.0,0.962,4543.0,0.96,2331.0,0.959,7010.0,0.958,20810.0,0.957,43926.0,0.963,6722.0,0.964,3212.0,0.965,2673.0,0.966,3500.0,0.967,698.0,13.0,20150826131245,0.008,0.84,0.963,0.949,0.962,1977944.0,18876.0,0.0,0.0,1.47,0.0,0.0,0.0,-1.0,-1.0,0.314,0.279,0.212,0.195
0,sz150085,0.961,0.955,0.963,1991217.0,1181755.0,809462.0,0.96,4635.0,0.959,7010.0,0.958,20810.0,0.957,43926.0,0.956,100763.0,0.961,19604.0,0.963,4855.0,0.964,3212.0,0.965,2673.0,0.966,3500.0,13.0,20150826131306,0.006,0.63,0.963,0.949,0.963,1991217.0,19003.0,0.0,0.0,1.47,0.0,0.0,0.0,-1.0,-1.0,0.312,0.281,0.211,0.196
0,sz150085,0.96,0.955,0.963,1993378.0,1181916.0,811462.0,0.96,2635.0,0.959,7053.0,0.958,20810.0,0.957,43926.0,0.956,100763.0,0.961,19443.0,0.963,4855.0,0.964,3212.0,0.965,2673.0,0.966,3500.0,13.0,20150826131324,0.005,0.52,0.963,0.949,0.963,1993378.0,19024.0,0.0,0.0,1.47,0.0,0.0,0.0,-1.0,-1.0,0.312,0.281,0.21,0.196
