名称,﻿代码,﻿当前价格,﻿昨收,﻿今开,﻿成交量/手,﻿外盘,﻿内盘,﻿买一价,﻿买一量/手,﻿买二价,﻿买二量/手,﻿买三价,﻿买三量/手,﻿买四价,﻿买四量/手,﻿买五价,﻿买五量/手,﻿卖一价,﻿卖一量/手,﻿卖二价,﻿卖二量/手,﻿卖三价,﻿卖三量/手,﻿卖四价,﻿卖四量/手,﻿卖五价,﻿卖五量/手,﻿最近逐笔成交,﻿时间,﻿涨跌,﻿涨跌幅,﻿最高,﻿最低,﻿价格,﻿成交量/手,﻿成交额/万,﻿换手率,﻿市盈率,﻿振幅,﻿流通市值,﻿总市值,﻿市净率,﻿涨停价,﻿跌停价,﻿买盘大单,﻿买盘小单,﻿卖盘大单,﻿卖盘小单
0,sz150086,0.339,0.377,0.339,10146.0,9190.0,956.0,0.0,0.0,0.0,0.0,0.0,0.0,0.0,0.0,0.0,0.0,0.339,7975077.0,0.34,47166.0,0.341,1630.0,0.342,230.0,0.343,1941.0,10.0,20150826104416,-0.038,-10.08,0.339,0.339,0.339,10146.0,34.0,0.0,0.0,0.0,0.0,0.0,0.0,-1.0,-1.0,0.0,1.0,0.0,0.0
0,sz150086,0.339,0.377,0.339,10146.0,9190.0,956.0,0.0,0.0,0.0,0.0,0.0,0.0,0.0,0.0,0.0,0.0,0.339,8004786.0,0.34,47166.0,0.341,1630.0,0.342,230.0,0.343,1941.0,10.0,20150826104429,-0.038,-10.08,0.339,0.339,0.339,10146.0,34.0,0.0,0.0,0.0,0.0,0.0,0.0,-1.0,-1.0,0.0,1.0,0.0,0.0
0,sz150086,0.339,0.377,0.339,10156.0,9200.0,956.0,0.0,0.0,0.0,0.0,0.0,0.0,0.0,0.0,0.0,0.0,0.339,8006725.0,0.34,44398.0,0.341,1630.0,0.342,230.0,0.343,1941.0,10.0,20150826104434,-0.038,-10.08,0.339,0.339,0.339,10156.0,34.0,0.0,0.0,0.0,0.0,0.0,0.0,-1.0,-1.0,0.0,1.0,0.0,0.0
0,sz150086,0.339,0.377,0.339,10160.0,9204.0,956.0,0.0,0.0,0.0,0.0,0.0,0.0,0.0,0.0,0.0,0.0,0.339,8014680.0,0.34,41771.0,0.341,1630.0,0.342,230.0,0.343,1941.0,10.0,20150826104440,-0.038,-10.08,0.339,0.339,0.339,10160.0,34.0,0.0,0.0,0.0,0.0,0.0,0.0,-1.0,-1.0,0.0,1.0,0.0,0.0
0,sz150086,0.339,0.377,0.339,10160.0,9204.0,956.0,0.0,0.0,0.0,0.0,0.0,0.0,0.0,0.0,0.0,0.0,0.339,8029774.0,0.34,41771.0,0.341,1630.0,0.342,230.0,0.343,2041.0,10.0,20150826104447,-0.038,-10.08,0.339,0.339,0.339,10160.0,34.0,0.0,0.0,0.0,0.0,0.0,0.0,-1.0,-1.0,0.0,1.0,0.0,0.0
0,sz150086,0.339,0.377,0.339,10160.0,9204.0,956.0,0.0,0.0,0.0,0.0,0.0,0.0,0.0,0.0,0.0,0.0,0.339,8029502.0,0.34,41771.0,0.341,1630.0,0.342,230.0,0.343,2041.0,10.0,20150826104450,-0.038,-10.08,0.339,0.339,0.339,10160.0,34.0,0.0,0.0,0.0,0.0,0.0,0.0,-1.0,-1.0,0.0,1.0,0.0,0.0
0,sz150086,0.339,0.377,0.339,10160.0,9204.0,956.0,0.0,0.0,0.0,0.0,0.0,0.0,0.0,0.0,0.0,0.0,0.339,8031502.0,0.34,41771.0,0.341,1630.0,0.342,230.0,0.343,2041.0,10.0,20150826104456,-0.038,-10.08,0.339,0.339,0.339,10160.0,34.0,0.0,0.0,0.0,0.0,0.0,0.0,-1.0,-1.0,0.0,1.0,0.0,0.0
0,sz150086,0.339,0.377,0.339,11973.0,11017.0,956.0,0.0,0.0,0.0,0.0,0.0,0.0,0.0,0.0,0.0,0.0,0.339,8034812.0,0.34,41204.0,0.341,1630.0,0.342,230.0,0.343,2041.0,10.0,20150826104459,-0.038,-10.08,0.339,0.339,0.339,11973.0,41.0,0.0,0.0,0.0,0.0,0.0,0.0,-1.0,-1.0,0.0,1.0,0.0,0.0
0,sz150086,0.339,0.377,0.339,11973.0,11017.0,956.0,0.0,0.0,0.0,0.0,0.0,0.0,0.0,0.0,0.0,0.0,0.339,8035333.0,0.34,41204.0,0.341,1630.0,0.342,230.0,0.343,2041.0,10.0,20150826104502,-0.038,-10.08,0.339,0.339,0.339,11973.0,41.0,0.0,0.0,0.0,0.0,0.0,0.0,-1.0,-1.0,0.0,1.0,0.0,0.0
0,sz150086,0.339,0.377,0.339,11983.0,11027.0,956.0,0.0,0.0,0.0,0.0,0.0,0.0,0.0,0.0,0.0,0.0,0.339,8035603.0,0.34,41204.0,0.341,1630.0,0.342,230.0,0.343,2041.0,10.0,20150826104507,-0.038,-10.08,0.339,0.339,0.339,11983.0,41.0,0.0,0.0,0.0,0.0,0.0,0.0,-1.0,-1.0,0.0,1.0,0.0,0.0
0,sz150086,0.339,0.377,0.339,11984.0,11028.0,956.0,0.0,0.0,0.0,0.0,0.0,0.0,0.0,0.0,0.0,0.0,0.339,8040098.0,0.34,41211.0,0.341,1630.0,0.342,230.0,0.343,2041.0,10.0,20150826104513,-0.038,-10.08,0.339,0.339,0.339,11984.0,41.0,0.0,0.0,0.0,0.0,0.0,0.0,-1.0,-1.0,0.0,1.0,0.0,0.0
0,sz150086,0.339,0.377,0.339,11992.0,11036.0,956.0,0.0,0.0,0.0,0.0,0.0,0.0,0.0,0.0,0.0,0.0,0.339,8042023.0,0.34,41211.0,0.341,1630.0,0.342,230.0,0.343,2041.0,10.0,20150826104519,-0.038,-10.08,0.339,0.339,0.339,11992.0,41.0,0.0,0.0,0.0,0.0,0.0,0.0,-1.0,-1.0,0.0,1.0,0.0,0.0
0,sz150086,0.339,0.377,0.339,12001.0,11045.0,956.0,0.0,0.0,0.0,0.0,0.0,0.0,0.0,0.0,0.0,0.0,0.339,8043682.0,0.34,41211.0,0.341,1630.0,0.342,230.0,0.343,2041.0,10.0,20150826104522,-0.038,-10.08,0.339,0.339,0.339,12001.0,41.0,0.0,0.0,0.0,0.0,0.0,0.0,-1.0,-1.0,0.0,1.0,0.0,0.0
0,sz150086,0.339,0.377,0.339,12068.0,11112.0,956.0,0.0,0.0,0.0,0.0,0.0,0.0,0.0,0.0,0.0,0.0,0.339,8046803.0,0.34,41211.0,0.341,1630.0,0.342,230.0,0.343,2041.0,10.0,20150826104528,-0.038,-10.08,0.339,0.339,0.339,12068.0,41.0,0.0,0.0,0.0,0.0,0.0,0.0,-1.0,-1.0,0.0,1.0,0.0,0.0
0,sz150086,0.339,0.377,0.339,12068.0,11112.0,956.0,0.0,0.0,0.0,0.0,0.0,0.0,0.0,0.0,0.0,0.0,0.339,8049985.0,0.34,41211.0,0.341,1630.0,0.342,230.0,0.343,2041.0,10.0,20150826104534,-0.038,-10.08,0.339,0.339,0.339,12068.0,41.0,0.0,0.0,0.0,0.0,0.0,0.0,-1.0,-1.0,0.0,1.0,0.0,0.0
0,sz150086,0.339,0.377,0.339,12073.0,11117.0,956.0,0.0,0.0,0.0,0.0,0.0,0.0,0.0,0.0,0.0,0.0,0.339,8051627.0,0.34,41211.0,0.341,1630.0,0.342,230.0,0.343,2041.0,10.0,20150826104540,-0.038,-10.08,0.339,0.339,0.339,12073.0,41.0,0.0,0.0,0.0,0.0,0.0,0.0,-1.0,-1.0,0.0,1.0,0.0,0.0
0,sz150086,0.339,0.377,0.339,12073.0,11117.0,956.0,0.0,0.0,0.0,0.0,0.0,0.0,0.0,0.0,0.0,0.0,0.339,8051795.0,0.34,41268.0,0.341,1630.0,0.342,230.0,0.343,2041.0,10.0,20150826104544,-0.038,-10.08,0.339,0.339,0.339,12073.0,41.0,0.0,0.0,0.0,0.0,0.0,0.0,-1.0,-1.0,0.0,1.0,0.0,0.0
0,sz150086,0.339,0.377,0.339,12105.0,11149.0,956.0,0.0,0.0,0.0,0.0,0.0,0.0,0.0,0.0,0.0,0.0,0.339,8055854.0,0.34,41268.0,0.341,2797.0,0.342,230.0,0.343,2041.0,10.0,20150826104550,-0.038,-10.08,0.339,0.339,0.339,12105.0,41.0,0.0,0.0,0.0,0.0,0.0,0.0,-1.0,-1.0,0.0,1.0,0.0,0.0
0,sz150086,0.339,0.377,0.339,12105.0,11149.0,956.0,0.0,0.0,0.0,0.0,0.0,0.0,0.0,0.0,0.0,0.0,0.339,8057428.0,0.34,41268.0,0.341,2797.0,0.342,230.0,0.343,2041.0,10.0,20150826104556,-0.038,-10.08,0.339,0.339,0.339,12105.0,41.0,0.0,0.0,0.0,0.0,0.0,0.0,-1.0,-1.0,0.0,1.0,0.0,0.0
0,sz150086,0.339,0.377,0.339,12105.0,11149.0,956.0,0.0,0.0,0.0,0.0,0.0,0.0,0.0,0.0,0.0,0.0,0.339,8057861.0,0.34,41268.0,0.341,2797.0,0.342,230.0,0.343,2041.0,10.0,20150826104559,-0.038,-10.08,0.339,0.339,0.339,12105.0,41.0,0.0,0.0,0.0,0.0,0.0,0.0,-1.0,-1.0,0.0,1.0,0.0,0.0
0,sz150086,0.339,0.377,0.339,12105.0,11149.0,956.0,0.0,0.0,0.0,0.0,0.0,0.0,0.0,0.0,0.0,0.0,0.339,8059248.0,0.34,41268.0,0.341,2797.0,0.342,230.0,0.343,2041.0,10.0,20150826104604,-0.038,-10.08,0.339,0.339,0.339,12105.0,41.0,0.0,0.0,0.0,0.0,0.0,0.0,-1.0,-1.0,0.0,1.0,0.0,0.0
0,sz150086,0.339,0.377,0.339,12105.0,11149.0,956.0,0.0,0.0,0.0,0.0,0.0,0.0,0.0,0.0,0.0,0.0,0.339,8065988.0,0.34,41268.0,0.341,2797.0,0.342,230.0,0.343,2041.0,10.0,20150826104611,-0.038,-10.08,0.339,0.339,0.339,12105.0,41.0,0.0,0.0,0.0,0.0,0.0,0.0,-1.0,-1.0,0.0,1.0,0.0,0.0
0,sz150086,0.339,0.377,0.339,12105.0,11149.0,956.0,0.0,0.0,0.0,0.0,0.0,0.0,0.0,0.0,0.0,0.0,0.339,8067978.0,0.34,41268.0,0.341,2797.0,0.342,230.0,0.343,2041.0,10.0,20150826104617,-0.038,-10.08,0.339,0.339,0.339,12105.0,41.0,0.0,0.0,0.0,0.0,0.0,0.0,-1.0,-1.0,0.0,1.0,0.0,0.0
0,sz150086,0.339,0.377,0.339,12105.0,11149.0,956.0,0.0,0.0,0.0,0.0,0.0,0.0,0.0,0.0,0.0,0.0,0.339,8072296.0,0.34,41268.0,0.341,2797.0,0.342,230.0,0.343,2041.0,10.0,20150826104620,-0.038,-10.08,0.339,0.339,0.339,12105.0,41.0,0.0,0.0,0.0,0.0,0.0,0.0,-1.0,-1.0,0.0,1.0,0.0,0.0
0,sz150086,0.339,0.377,0.339,12105.0,11149.0,956.0,0.0,0.0,0.0,0.0,0.0,0.0,0.0,0.0,0.0,0.0,0.339,8078102.0,0.34,41268.0,0.341,2797.0,0.342,230.0,0.343,2041.0,10.0,20150826104629,-0.038,-10.08,0.339,0.339,0.339,12105.0,41.0,0.0,0.0,0.0,0.0,0.0,0.0,-1.0,-1.0,0.0,1.0,0.0,0.0
0,sz150086,0.339,0.377,0.339,12105.0,11149.0,956.0,0.0,0.0,0.0,0.0,0.0,0.0,0.0,0.0,0.0,0.0,0.339,8081030.0,0.34,41268.0,0.341,2797.0,0.342,230.0,0.343,2041.0,10.0,20150826104632,-0.038,-10.08,0.339,0.339,0.339,12105.0,41.0,0.0,0.0,0.0,0.0,0.0,0.0,-1.0,-1.0,0.0,1.0,0.0,0.0
0,sz150086,0.339,0.377,0.339,12105.0,11149.0,956.0,0.0,0.0,0.0,0.0,0.0,0.0,0.0,0.0,0.0,0.0,0.339,8077384.0,0.34,41268.0,0.341,2797.0,0.342,230.0,0.343,2041.0,10.0,20150826104638,-0.038,-10.08,0.339,0.339,0.339,12105.0,41.0,0.0,0.0,0.0,0.0,0.0,0.0,-1.0,-1.0,0.0,1.0,0.0,0.0
0,sz150086,0.339,0.377,0.339,12105.0,11149.0,956.0,0.0,0.0,0.0,0.0,0.0,0.0,0.0,0.0,0.0,0.0,0.339,8082225.0,0.34,41268.0,0.341,2797.0,0.342,230.0,0.343,2041.0,10.0,20150826104644,-0.038,-10.08,0.339,0.339,0.339,12105.0,41.0,0.0,0.0,0.0,0.0,0.0,0.0,-1.0,-1.0,0.0,1.0,0.0,0.0
0,sz150086,0.339,0.377,0.339,22105.0,21149.0,956.0,0.0,0.0,0.0,0.0,0.0,0.0,0.0,0.0,0.0,0.0,0.339,8088832.0,0.34,41268.0,0.341,2797.0,0.342,230.0,0.343,2041.0,10.0,20150826104656,-0.038,-10.08,0.339,0.339,0.339,22105.0,75.0,0.0,0.0,0.0,0.0,0.0,0.0,-1.0,-1.0,0.0,1.0,0.0,0.0
0,sz150086,0.339,0.377,0.339,22105.0,21149.0,956.0,0.0,0.0,0.0,0.0,0.0,0.0,0.0,0.0,0.0,0.0,0.339,8092711.0,0.34,41196.0,0.341,2797.0,0.342,230.0,0.343,2041.0,10.0,20150826104705,-0.038,-10.08,0.339,0.339,0.339,22105.0,75.0,0.0,0.0,0.0,0.0,0.0,0.0,-1.0,-1.0,0.0,1.0,0.0,0.0
0,sz150086,0.339,0.377,0.339,22105.0,21149.0,956.0,0.0,0.0,0.0,0.0,0.0,0.0,0.0,0.0,0.0,0.0,0.339,8091312.0,0.34,41196.0,0.341,2797.0,0.342,230.0,0.343,2041.0,10.0,20150826104708,-0.038,-10.08,0.339,0.339,0.339,22105.0,75.0,0.0,0.0,0.0,0.0,0.0,0.0,-1.0,-1.0,0.0,1.0,0.0,0.0
0,sz150086,0.339,0.377,0.339,22145.0,21189.0,956.0,0.0,0.0,0.0,0.0,0.0,0.0,0.0,0.0,0.0,0.0,0.339,8101467.0,0.34,41196.0,0.341,2797.0,0.342,230.0,0.343,2041.0,10.0,20150826104714,-0.038,-10.08,0.339,0.339,0.339,22145.0,75.0,0.0,0.0,0.0,0.0,0.0,0.0,-1.0,-1.0,0.0,1.0,0.0,0.0
0,sz150086,0.339,0.377,0.339,22155.0,21199.0,956.0,0.0,0.0,0.0,0.0,0.0,0.0,0.0,0.0,0.0,0.0,0.339,8114577.0,0.34,41196.0,0.341,2797.0,0.342,230.0,0.343,2041.0,10.0,20150826104720,-0.038,-10.08,0.339,0.339,0.339,22155.0,75.0,0.0,0.0,0.0,0.0,0.0,0.0,-1.0,-1.0,0.0,1.0,0.0,0.0
0,sz150086,0.339,0.377,0.339,22155.0,21199.0,956.0,0.0,0.0,0.0,0.0,0.0,0.0,0.0,0.0,0.0,0.0,0.339,8115224.0,0.34,41196.0,0.341,2797.0,0.342,230.0,0.343,2041.0,10.0,20150826104726,-0.038,-10.08,0.339,0.339,0.339,22155.0,75.0,0.0,0.0,0.0,0.0,0.0,0.0,-1.0,-1.0,0.0,1.0,0.0,0.0
0,sz150086,0.339,0.377,0.339,22244.0,21288.0,956.0,0.0,0.0,0.0,0.0,0.0,0.0,0.0,0.0,0.0,0.0,0.339,8131087.0,0.34,41196.0,0.341,2797.0,0.342,230.0,0.343,2041.0,10.0,20150826104729,-0.038,-10.08,0.339,0.339,0.339,22244.0,75.0,0.0,0.0,0.0,0.0,0.0,0.0,-1.0,-1.0,0.0,1.0,0.0,0.0
0,sz150086,0.339,0.377,0.339,22244.0,21288.0,956.0,0.0,0.0,0.0,0.0,0.0,0.0,0.0,0.0,0.0,0.0,0.339,8136547.0,0.34,41426.0,0.341,1630.0,0.342,230.0,0.343,2041.0,10.0,20150826104738,-0.038,-10.08,0.339,0.339,0.339,22244.0,75.0,0.0,0.0,0.0,0.0,0.0,0.0,-1.0,-1.0,0.0,1.0,0.0,0.0
0,sz150086,0.339,0.377,0.339,22247.0,21291.0,956.0,0.0,0.0,0.0,0.0,0.0,0.0,0.0,0.0,0.0,0.0,0.339,8151184.0,0.34,41426.0,0.341,1630.0,0.342,230.0,0.343,2041.0,10.0,20150826104744,-0.038,-10.08,0.339,0.339,0.339,22247.0,75.0,0.0,0.0,0.0,0.0,0.0,0.0,-1.0,-1.0,0.0,1.0,0.0,0.0
0,sz150086,0.339,0.377,0.339,22247.0,21291.0,956.0,0.0,0.0,0.0,0.0,0.0,0.0,0.0,0.0,0.0,0.0,0.339,8160696.0,0.34,41426.0,0.341,1630.0,0.342,230.0,0.343,2041.0,10.0,20150826104747,-0.038,-10.08,0.339,0.339,0.339,22247.0,75.0,0.0,0.0,0.0,0.0,0.0,0.0,-1.0,-1.0,0.0,1.0,0.0,0.0
0,sz150086,0.339,0.377,0.339,22248.0,21292.0,956.0,0.0,0.0,0.0,0.0,0.0,0.0,0.0,0.0,0.0,0.0,0.339,8161767.0,0.34,41426.0,0.341,1730.0,0.342,230.0,0.343,2041.0,10.0,20150826104753,-0.038,-10.08,0.339,0.339,0.339,22248.0,75.0,0.0,0.0,0.0,0.0,0.0,0.0,-1.0,-1.0,0.0,1.0,0.0,0.0
0,sz150086,0.339,0.377,0.339,22248.0,21292.0,956.0,0.0,0.0,0.0,0.0,0.0,0.0,0.0,0.0,0.0,0.0,0.339,8159976.0,0.34,41426.0,0.341,1730.0,0.342,230.0,0.343,2041.0,10.0,20150826104759,-0.038,-10.08,0.339,0.339,0.339,22248.0,75.0,0.0,0.0,0.0,0.0,0.0,0.0,-1.0,-1.0,0.0,1.0,0.0,0.0
0,sz150086,0.339,0.377,0.339,22248.0,21292.0,956.0,0.0,0.0,0.0,0.0,0.0,0.0,0.0,0.0,0.0,0.0,0.339,8165274.0,0.34,41426.0,0.341,1730.0,0.342,230.0,0.343,2041.0,10.0,20150826104808,-0.038,-10.08,0.339,0.339,0.339,22248.0,75.0,0.0,0.0,0.0,0.0,0.0,0.0,-1.0,-1.0,0.0,1.0,0.0,0.0
0,sz150086,0.339,0.377,0.339,22288.0,21332.0,956.0,0.0,0.0,0.0,0.0,0.0,0.0,0.0,0.0,0.0,0.0,0.339,8167898.0,0.34,41626.0,0.341,1730.0,0.342,230.0,0.343,2041.0,10.0,20150826104814,-0.038,-10.08,0.339,0.339,0.339,22288.0,76.0,0.0,0.0,0.0,0.0,0.0,0.0,-1.0,-1.0,0.0,1.0,0.0,0.0
0,sz150086,0.339,0.377,0.339,22288.0,21332.0,956.0,0.0,0.0,0.0,0.0,0.0,0.0,0.0,0.0,0.0,0.0,0.339,8170223.0,0.34,41826.0,0.341,1730.0,0.342,230.0,0.343,2041.0,10.0,20150826104820,-0.038,-10.08,0.339,0.339,0.339,22288.0,76.0,0.0,0.0,0.0,0.0,0.0,0.0,-1.0,-1.0,0.0,1.0,0.0,0.0
0,sz150086,0.339,0.377,0.339,22288.0,21332.0,956.0,0.0,0.0,0.0,0.0,0.0,0.0,0.0,0.0,0.0,0.0,0.339,8174430.0,0.34,41826.0,0.341,1730.0,0.342,230.0,0.343,2041.0,10.0,20150826104826,-0.038,-10.08,0.339,0.339,0.339,22288.0,76.0,0.0,0.0,0.0,0.0,0.0,0.0,-1.0,-1.0,0.0,1.0,0.0,0.0
0,sz150086,0.339,0.377,0.339,22288.0,21332.0,956.0,0.0,0.0,0.0,0.0,0.0,0.0,0.0,0.0,0.0,0.0,0.339,8179150.0,0.34,41826.0,0.341,1730.0,0.342,230.0,0.343,2041.0,10.0,20150826104829,-0.038,-10.08,0.339,0.339,0.339,22288.0,76.0,0.0,0.0,0.0,0.0,0.0,0.0,-1.0,-1.0,0.0,1.0,0.0,0.0
0,sz150086,0.339,0.377,0.339,22288.0,21332.0,956.0,0.0,0.0,0.0,0.0,0.0,0.0,0.0,0.0,0.0,0.0,0.339,8181587.0,0.34,42001.0,0.341,1730.0,0.342,230.0,0.343,2041.0,10.0,20150826104841,-0.038,-10.08,0.339,0.339,0.339,22288.0,76.0,0.0,0.0,0.0,0.0,0.0,0.0,-1.0,-1.0,0.0,1.0,0.0,0.0
0,sz150086,0.339,0.377,0.339,22288.0,21332.0,956.0,0.0,0.0,0.0,0.0,0.0,0.0,0.0,0.0,0.0,0.0,0.339,8185685.0,0.34,42568.0,0.341,1730.0,0.342,230.0,0.343,2041.0,10.0,20150826104844,-0.038,-10.08,0.339,0.339,0.339,22288.0,76.0,0.0,0.0,0.0,0.0,0.0,0.0,-1.0,-1.0,0.0,1.0,0.0,0.0
0,sz150086,0.339,0.377,0.339,22288.0,21332.0,956.0,0.0,0.0,0.0,0.0,0.0,0.0,0.0,0.0,0.0,0.0,0.339,8188394.0,0.34,42568.0,0.341,1730.0,0.342,230.0,0.343,2041.0,10.0,20150826104850,-0.038,-10.08,0.339,0.339,0.339,22288.0,76.0,0.0,0.0,0.0,0.0,0.0,0.0,-1.0,-1.0,0.0,1.0,0.0,0.0
0,sz150086,0.339,0.377,0.339,22288.0,21332.0,956.0,0.0,0.0,0.0,0.0,0.0,0.0,0.0,0.0,0.0,0.0,0.339,8196743.0,0.34,42568.0,0.341,1730.0,0.342,230.0,0.343,2041.0,10.0,20150826104859,-0.038,-10.08,0.339,0.339,0.339,22288.0,76.0,0.0,0.0,0.0,0.0,0.0,0.0,-1.0,-1.0,0.0,1.0,0.0,0.0
0,sz150086,0.339,0.377,0.339,22288.0,21332.0,956.0,0.0,0.0,0.0,0.0,0.0,0.0,0.0,0.0,0.0,0.0,0.339,8196743.0,0.34,42568.0,0.341,1730.0,0.342,230.0,0.343,2041.0,10.0,20150826104902,-0.038,-10.08,0.339,0.339,0.339,22288.0,76.0,0.0,0.0,0.0,0.0,0.0,0.0,-1.0,-1.0,0.0,1.0,0.0,0.0
0,sz150086,0.339,0.377,0.339,22288.0,21332.0,956.0,0.0,0.0,0.0,0.0,0.0,0.0,0.0,0.0,0.0,0.0,0.339,8197322.0,0.34,42568.0,0.341,1730.0,0.342,230.0,0.343,2041.0,10.0,20150826104911,-0.038,-10.08,0.339,0.339,0.339,22288.0,76.0,0.0,0.0,0.0,0.0,0.0,0.0,-1.0,-1.0,0.0,1.0,0.0,0.0
0,sz150086,0.339,0.377,0.339,22288.0,21332.0,956.0,0.0,0.0,0.0,0.0,0.0,0.0,0.0,0.0,0.0,0.0,0.339,8203752.0,0.34,42568.0,0.341,1730.0,0.342,230.0,0.343,2041.0,10.0,20150826104917,-0.038,-10.08,0.339,0.339,0.339,22288.0,76.0,0.0,0.0,0.0,0.0,0.0,0.0,-1.0,-1.0,0.0,1.0,0.0,0.0
0,sz150086,0.339,0.377,0.339,22288.0,21332.0,956.0,0.0,0.0,0.0,0.0,0.0,0.0,0.0,0.0,0.0,0.0,0.339,8203818.0,0.34,42568.0,0.341,1730.0,0.342,230.0,0.343,2041.0,10.0,20150826104923,-0.038,-10.08,0.339,0.339,0.339,22288.0,76.0,0.0,0.0,0.0,0.0,0.0,0.0,-1.0,-1.0,0.0,1.0,0.0,0.0
0,sz150086,0.339,0.377,0.339,22588.0,21632.0,956.0,0.0,0.0,0.0,0.0,0.0,0.0,0.0,0.0,0.0,0.0,0.339,8204312.0,0.34,42568.0,0.341,1730.0,0.342,230.0,0.343,2041.0,10.0,20150826104932,-0.038,-10.08,0.339,0.339,0.339,22588.0,77.0,0.0,0.0,0.0,0.0,0.0,0.0,-1.0,-1.0,0.0,1.0,0.0,0.0
0,sz150086,0.339,0.377,0.339,22847.0,21891.0,956.0,0.0,0.0,0.0,0.0,0.0,0.0,0.0,0.0,0.0,0.0,0.339,8205196.0,0.34,42568.0,0.341,1730.0,0.342,230.0,0.343,2041.0,10.0,20150826104938,-0.038,-10.08,0.339,0.339,0.339,22847.0,77.0,0.0,0.0,0.0,0.0,0.0,0.0,-1.0,-1.0,0.0,1.0,0.0,0.0
0,sz150086,0.339,0.377,0.339,22897.0,21941.0,956.0,0.0,0.0,0.0,0.0,0.0,0.0,0.0,0.0,0.0,0.0,0.339,8207477.0,0.34,42588.0,0.341,1730.0,0.342,230.0,0.343,2041.0,10.0,20150826104944,-0.038,-10.08,0.339,0.339,0.339,22897.0,78.0,0.0,0.0,0.0,0.0,0.0,0.0,-1.0,-1.0,0.0,1.0,0.0,0.0
0,sz150086,0.339,0.377,0.339,22905.0,21949.0,956.0,0.0,0.0,0.0,0.0,0.0,0.0,0.0,0.0,0.0,0.0,0.339,8205664.0,0.34,42588.0,0.341,1730.0,0.342,230.0,0.343,2041.0,10.0,20150826104953,-0.038,-10.08,0.339,0.339,0.339,22905.0,78.0,0.0,0.0,0.0,0.0,0.0,0.0,-1.0,-1.0,0.0,1.0,0.0,0.0
0,sz150086,0.339,0.377,0.339,22905.0,21949.0,956.0,0.0,0.0,0.0,0.0,0.0,0.0,0.0,0.0,0.0,0.0,0.339,8206451.0,0.34,42588.0,0.341,1730.0,0.342,230.0,0.343,2041.0,10.0,20150826104959,-0.038,-10.08,0.339,0.339,0.339,22905.0,78.0,0.0,0.0,0.0,0.0,0.0,0.0,-1.0,-1.0,0.0,1.0,0.0,0.0
0,sz150086,0.339,0.377,0.339,23005.0,22049.0,956.0,0.0,0.0,0.0,0.0,0.0,0.0,0.0,0.0,0.0,0.0,0.339,8207813.0,0.34,42588.0,0.341,1730.0,0.342,230.0,0.343,2041.0,10.0,20150826105002,-0.038,-10.08,0.339,0.339,0.339,23005.0,78.0,0.0,0.0,0.0,0.0,0.0,0.0,-1.0,-1.0,0.0,1.0,0.0,0.0
0,sz150086,0.339,0.377,0.339,23005.0,22049.0,956.0,0.0,0.0,0.0,0.0,0.0,0.0,0.0,0.0,0.0,0.0,0.339,8215480.0,0.34,42588.0,0.341,1730.0,0.342,230.0,0.343,2041.0,10.0,20150826105014,-0.038,-10.08,0.339,0.339,0.339,23005.0,78.0,0.0,0.0,0.0,0.0,0.0,0.0,-1.0,-1.0,0.0,1.0,0.0,0.0
0,sz150086,0.339,0.377,0.339,23005.0,22049.0,956.0,0.0,0.0,0.0,0.0,0.0,0.0,0.0,0.0,0.0,0.0,0.339,8223831.0,0.34,42588.0,0.341,1730.0,0.342,230.0,0.343,2041.0,10.0,20150826105023,-0.038,-10.08,0.339,0.339,0.339,23005.0,78.0,0.0,0.0,0.0,0.0,0.0,0.0,-1.0,-1.0,0.0,1.0,0.0,0.0
0,sz150086,0.339,0.377,0.339,23020.0,22064.0,956.0,0.0,0.0,0.0,0.0,0.0,0.0,0.0,0.0,0.0,0.0,0.339,8234775.0,0.34,42588.0,0.341,1730.0,0.342,230.0,0.343,2041.0,10.0,20150826105032,-0.038,-10.08,0.339,0.339,0.339,23020.0,78.0,0.0,0.0,0.0,0.0,0.0,0.0,-1.0,-1.0,0.0,1.0,0.0,0.0
0,sz150086,0.339,0.377,0.339,23020.0,22064.0,956.0,0.0,0.0,0.0,0.0,0.0,0.0,0.0,0.0,0.0,0.0,0.339,8235427.0,0.34,42588.0,0.341,1730.0,0.342,230.0,0.343,2041.0,10.0,20150826105038,-0.038,-10.08,0.339,0.339,0.339,23020.0,78.0,0.0,0.0,0.0,0.0,0.0,0.0,-1.0,-1.0,0.0,1.0,0.0,0.0
0,sz150086,0.339,0.377,0.339,23037.0,22081.0,956.0,0.0,0.0,0.0,0.0,0.0,0.0,0.0,0.0,0.0,0.0,0.339,8257824.0,0.34,44059.0,0.341,1730.0,0.342,230.0,0.343,2041.0,10.0,20150826105047,-0.038,-10.08,0.339,0.339,0.339,23037.0,78.0,0.0,0.0,0.0,0.0,0.0,0.0,-1.0,-1.0,0.0,1.0,0.0,0.0
0,sz150086,0.339,0.377,0.339,23091.0,22135.0,956.0,0.0,0.0,0.0,0.0,0.0,0.0,0.0,0.0,0.0,0.0,0.339,8256643.0,0.34,44059.0,0.341,1730.0,0.342,230.0,0.343,2041.0,10.0,20150826105053,-0.038,-10.08,0.339,0.339,0.339,23091.0,78.0,0.0,0.0,0.0,0.0,0.0,0.0,-1.0,-1.0,0.0,1.0,0.0,0.0
0,sz150086,0.339,0.377,0.339,23121.0,22165.0,956.0,0.0,0.0,0.0,0.0,0.0,0.0,0.0,0.0,0.0,0.0,0.339,8257627.0,0.34,44059.0,0.341,1730.0,0.342,230.0,0.343,2041.0,10.0,20150826105059,-0.038,-10.08,0.339,0.339,0.339,23121.0,78.0,0.0,0.0,0.0,0.0,0.0,0.0,-1.0,-1.0,0.0,1.0,0.0,0.0
0,sz150086,0.339,0.377,0.339,23121.0,22165.0,956.0,0.0,0.0,0.0,0.0,0.0,0.0,0.0,0.0,0.0,0.0,0.339,8252446.0,0.34,44059.0,0.341,1730.0,0.342,230.0,0.343,2041.0,10.0,20150826105108,-0.038,-10.08,0.339,0.339,0.339,23121.0,78.0,0.0,0.0,0.0,0.0,0.0,0.0,-1.0,-1.0,0.0,1.0,0.0,0.0
0,sz150086,0.339,0.377,0.339,23193.0,22237.0,956.0,0.0,0.0,0.0,0.0,0.0,0.0,0.0,0.0,0.0,0.0,0.339,8255239.0,0.34,44059.0,0.341,1730.0,0.342,230.0,0.343,2041.0,10.0,20150826105114,-0.038,-10.08,0.339,0.339,0.339,23193.0,79.0,0.0,0.0,0.0,0.0,0.0,0.0,-1.0,-1.0,0.0,1.0,0.0,0.0
0,sz150086,0.339,0.377,0.339,23195.0,22239.0,956.0,0.0,0.0,0.0,0.0,0.0,0.0,0.0,0.0,0.0,0.0,0.339,8255733.0,0.34,44059.0,0.341,1730.0,0.342,230.0,0.343,2041.0,10.0,20150826105123,-0.038,-10.08,0.339,0.339,0.339,23195.0,79.0,0.0,0.0,0.0,0.0,0.0,0.0,-1.0,-1.0,0.0,1.0,0.0,0.0
0,sz150086,0.339,0.377,0.339,23196.0,22240.0,956.0,0.0,0.0,0.0,0.0,0.0,0.0,0.0,0.0,0.0,0.0,0.339,8258130.0,0.34,44071.0,0.341,1730.0,0.342,230.0,0.343,2041.0,10.0,20150826105132,-0.038,-10.08,0.339,0.339,0.339,23196.0,79.0,0.0,0.0,0.0,0.0,0.0,0.0,-1.0,-1.0,0.0,1.0,0.0,0.0
0,sz150086,0.339,0.377,0.339,23246.0,22290.0,956.0,0.0,0.0,0.0,0.0,0.0,0.0,0.0,0.0,0.0,0.0,0.339,8260700.0,0.34,44071.0,0.341,1730.0,0.342,230.0,0.343,2041.0,10.0,20150826105141,-0.038,-10.08,0.339,0.339,0.339,23246.0,79.0,0.0,0.0,0.0,0.0,0.0,0.0,-1.0,-1.0,0.0,1.0,0.0,0.0
0,sz150086,0.339,0.377,0.339,23256.0,22300.0,956.0,0.0,0.0,0.0,0.0,0.0,0.0,0.0,0.0,0.0,0.0,0.339,8274882.0,0.34,44071.0,0.341,1730.0,0.342,230.0,0.343,2041.0,10.0,20150826105147,-0.038,-10.08,0.339,0.339,0.339,23256.0,79.0,0.0,0.0,0.0,0.0,0.0,0.0,-1.0,-1.0,0.0,1.0,0.0,0.0
0,sz150086,0.339,0.377,0.339,23256.0,22300.0,956.0,0.0,0.0,0.0,0.0,0.0,0.0,0.0,0.0,0.0,0.0,0.339,8276346.0,0.34,44071.0,0.341,1730.0,0.342,230.0,0.343,2041.0,10.0,20150826105153,-0.038,-10.08,0.339,0.339,0.339,23256.0,79.0,0.0,0.0,0.0,0.0,0.0,0.0,-1.0,-1.0,0.0,1.0,0.0,0.0
0,sz150086,0.339,0.377,0.339,23256.0,22300.0,956.0,0.0,0.0,0.0,0.0,0.0,0.0,0.0,0.0,0.0,0.0,0.339,8277516.0,0.34,44071.0,0.341,1730.0,0.342,230.0,0.343,2041.0,10.0,20150826105202,-0.038,-10.08,0.339,0.339,0.339,23256.0,79.0,0.0,0.0,0.0,0.0,0.0,0.0,-1.0,-1.0,0.0,1.0,0.0,0.0
0,sz150086,0.339,0.377,0.339,23300.0,22344.0,956.0,0.0,0.0,0.0,0.0,0.0,0.0,0.0,0.0,0.0,0.0,0.339,8277540.0,0.34,44071.0,0.341,1730.0,0.342,230.0,0.343,2041.0,10.0,20150826105208,-0.038,-10.08,0.339,0.339,0.339,23300.0,79.0,0.0,0.0,0.0,0.0,0.0,0.0,-1.0,-1.0,0.0,1.0,0.0,0.0
0,sz150086,0.339,0.377,0.339,23301.0,22345.0,956.0,0.0,0.0,0.0,0.0,0.0,0.0,0.0,0.0,0.0,0.0,0.339,8268369.0,0.34,44071.0,0.341,1730.0,0.342,230.0,0.343,2041.0,10.0,20150826105217,-0.038,-10.08,0.339,0.339,0.339,23301.0,79.0,0.0,0.0,0.0,0.0,0.0,0.0,-1.0,-1.0,0.0,1.0,0.0,0.0
0,sz150086,0.339,0.377,0.339,23301.0,22345.0,956.0,0.0,0.0,0.0,0.0,0.0,0.0,0.0,0.0,0.0,0.0,0.339,8271629.0,0.34,44071.0,0.341,1730.0,0.342,230.0,0.343,2041.0,10.0,20150826105223,-0.038,-10.08,0.339,0.339,0.339,23301.0,79.0,0.0,0.0,0.0,0.0,0.0,0.0,-1.0,-1.0,0.0,1.0,0.0,0.0
0,sz150086,0.339,0.377,0.339,23301.0,22345.0,956.0,0.0,0.0,0.0,0.0,0.0,0.0,0.0,0.0,0.0,0.0,0.339,8273189.0,0.34,44071.0,0.341,1730.0,0.342,230.0,0.343,2041.0,10.0,20150826105232,-0.038,-10.08,0.339,0.339,0.339,23301.0,79.0,0.0,0.0,0.0,0.0,0.0,0.0,-1.0,-1.0,0.0,1.0,0.0,0.0
0,sz150086,0.339,0.377,0.339,23401.0,22445.0,956.0,0.0,0.0,0.0,0.0,0.0,0.0,0.0,0.0,0.0,0.0,0.339,8271735.0,0.34,44071.0,0.341,1730.0,0.342,930.0,0.343,2041.0,10.0,20150826105241,-0.038,-10.08,0.339,0.339,0.339,23401.0,79.0,0.0,0.0,0.0,0.0,0.0,0.0,-1.0,-1.0,0.0,1.0,0.0,0.0
0,sz150086,0.339,0.377,0.339,23401.0,22445.0,956.0,0.0,0.0,0.0,0.0,0.0,0.0,0.0,0.0,0.0,0.0,0.339,8279917.0,0.34,44071.0,0.341,1730.0,0.342,930.0,0.343,2041.0,10.0,20150826105250,-0.038,-10.08,0.339,0.339,0.339,23401.0,79.0,0.0,0.0,0.0,0.0,0.0,0.0,-1.0,-1.0,0.0,1.0,0.0,0.0
0,sz150086,0.339,0.377,0.339,23401.0,22445.0,956.0,0.0,0.0,0.0,0.0,0.0,0.0,0.0,0.0,0.0,0.0,0.339,8284851.0,0.34,44071.0,0.341,1730.0,0.342,930.0,0.343,2041.0,10.0,20150826105259,-0.038,-10.08,0.339,0.339,0.339,23401.0,79.0,0.0,0.0,0.0,0.0,0.0,0.0,-1.0,-1.0,0.0,1.0,0.0,0.0
0,sz150086,0.339,0.377,0.339,23415.0,22459.0,956.0,0.0,0.0,0.0,0.0,0.0,0.0,0.0,0.0,0.0,0.0,0.339,8291262.0,0.34,44071.0,0.341,1730.0,0.342,930.0,0.343,2041.0,10.0,20150826105305,-0.038,-10.08,0.339,0.339,0.339,23415.0,79.0,0.0,0.0,0.0,0.0,0.0,0.0,-1.0,-1.0,0.0,1.0,0.0,0.0
0,sz150086,0.339,0.377,0.339,23415.0,22459.0,956.0,0.0,0.0,0.0,0.0,0.0,0.0,0.0,0.0,0.0,0.0,0.339,8298210.0,0.34,44071.0,0.341,1730.0,0.342,930.0,0.343,2041.0,10.0,20150826105314,-0.038,-10.08,0.339,0.339,0.339,23415.0,79.0,0.0,0.0,0.0,0.0,0.0,0.0,-1.0,-1.0,0.0,1.0,0.0,0.0
0,sz150086,0.339,0.377,0.339,23415.0,22459.0,956.0,0.0,0.0,0.0,0.0,0.0,0.0,0.0,0.0,0.0,0.0,0.339,8301996.0,0.34,44071.0,0.341,1730.0,0.342,930.0,0.343,2041.0,10.0,20150826105323,-0.038,-10.08,0.339,0.339,0.339,23415.0,79.0,0.0,0.0,0.0,0.0,0.0,0.0,-1.0,-1.0,0.0,1.0,0.0,0.0
0,sz150086,0.339,0.377,0.339,23415.0,22459.0,956.0,0.0,0.0,0.0,0.0,0.0,0.0,0.0,0.0,0.0,0.0,0.339,8301381.0,0.34,44071.0,0.341,1730.0,0.342,930.0,0.343,2041.0,10.0,20150826105332,-0.038,-10.08,0.339,0.339,0.339,23415.0,79.0,0.0,0.0,0.0,0.0,0.0,0.0,-1.0,-1.0,0.0,1.0,0.0,0.0
0,sz150086,0.339,0.377,0.339,23415.0,22459.0,956.0,0.0,0.0,0.0,0.0,0.0,0.0,0.0,0.0,0.0,0.0,0.339,8309690.0,0.34,44071.0,0.341,1730.0,0.342,930.0,0.343,2041.0,10.0,20150826105338,-0.038,-10.08,0.339,0.339,0.339,23415.0,79.0,0.0,0.0,0.0,0.0,0.0,0.0,-1.0,-1.0,0.0,1.0,0.0,0.0
0,sz150086,0.339,0.377,0.339,23415.0,22459.0,956.0,0.0,0.0,0.0,0.0,0.0,0.0,0.0,0.0,0.0,0.0,0.339,8308133.0,0.34,44071.0,0.341,1730.0,0.342,930.0,0.343,2041.0,10.0,20150826105350,-0.038,-10.08,0.339,0.339,0.339,23415.0,79.0,0.0,0.0,0.0,0.0,0.0,0.0,-1.0,-1.0,0.0,1.0,0.0,0.0
0,sz150086,0.339,0.377,0.339,33109.0,32153.0,956.0,0.0,0.0,0.0,0.0,0.0,0.0,0.0,0.0,0.0,0.0,0.339,8302597.0,0.34,44071.0,0.341,1730.0,0.342,930.0,0.343,2041.0,10.0,20150826105356,-0.038,-10.08,0.339,0.339,0.339,33109.0,112.0,0.0,0.0,0.0,0.0,0.0,0.0,-1.0,-1.0,0.0,1.0,0.0,0.0
0,sz150086,0.339,0.377,0.339,33139.0,32183.0,956.0,0.0,0.0,0.0,0.0,0.0,0.0,0.0,0.0,0.0,0.0,0.339,8304317.0,0.34,44071.0,0.341,1730.0,0.342,930.0,0.343,2041.0,10.0,20150826105405,-0.038,-10.08,0.339,0.339,0.339,33139.0,112.0,0.0,0.0,0.0,0.0,0.0,0.0,-1.0,-1.0,0.0,1.0,0.0,0.0
0,sz150086,0.339,0.377,0.339,33139.0,32183.0,956.0,0.0,0.0,0.0,0.0,0.0,0.0,0.0,0.0,0.0,0.0,0.339,8300882.0,0.34,44071.0,0.341,1730.0,0.342,930.0,0.343,2041.0,10.0,20150826105414,-0.038,-10.08,0.339,0.339,0.339,33139.0,112.0,0.0,0.0,0.0,0.0,0.0,0.0,-1.0,-1.0,0.0,1.0,0.0,0.0
0,sz150086,0.339,0.377,0.339,33149.0,32193.0,956.0,0.0,0.0,0.0,0.0,0.0,0.0,0.0,0.0,0.0,0.0,0.339,8305586.0,0.34,44071.0,0.341,1730.0,0.342,930.0,0.343,2041.0,10.0,20150826105420,-0.038,-10.08,0.339,0.339,0.339,33149.0,112.0,0.0,0.0,0.0,0.0,0.0,0.0,-1.0,-1.0,0.0,1.0,0.0,0.0
0,sz150086,0.339,0.377,0.339,33249.0,32293.0,956.0,0.0,0.0,0.0,0.0,0.0,0.0,0.0,0.0,0.0,0.0,0.339,8306570.0,0.34,44051.0,0.341,1730.0,0.342,930.0,0.343,2041.0,10.0,20150826105429,-0.038,-10.08,0.339,0.339,0.339,33249.0,113.0,0.0,0.0,0.0,0.0,0.0,0.0,-1.0,-1.0,0.0,1.0,0.0,0.0
0,sz150086,0.339,0.377,0.339,33249.0,32293.0,956.0,0.0,0.0,0.0,0.0,0.0,0.0,0.0,0.0,0.0,0.0,0.339,8307570.0,0.34,44051.0,0.341,1730.0,0.342,930.0,0.343,2041.0,10.0,20150826105438,-0.038,-10.08,0.339,0.339,0.339,33249.0,113.0,0.0,0.0,0.0,0.0,0.0,0.0,-1.0,-1.0,0.0,1.0,0.0,0.0
0,sz150086,0.339,0.377,0.339,33299.0,32343.0,956.0,0.0,0.0,0.0,0.0,0.0,0.0,0.0,0.0,0.0,0.0,0.339,8317698.0,0.34,42984.0,0.341,1630.0,0.342,930.0,0.343,2041.0,10.0,20150826105447,-0.038,-10.08,0.339,0.339,0.339,33299.0,113.0,0.0,0.0,0.0,0.0,0.0,0.0,-1.0,-1.0,0.0,1.0,0.0,0.0
0,sz150086,0.339,0.377,0.339,33299.0,32343.0,956.0,0.0,0.0,0.0,0.0,0.0,0.0,0.0,0.0,0.0,0.0,0.339,8317865.0,0.34,42984.0,0.341,1630.0,0.342,930.0,0.343,2041.0,10.0,20150826105456,-0.038,-10.08,0.339,0.339,0.339,33299.0,113.0,0.0,0.0,0.0,0.0,0.0,0.0,-1.0,-1.0,0.0,1.0,0.0,0.0
0,sz150086,0.339,0.377,0.339,33339.0,32383.0,956.0,0.0,0.0,0.0,0.0,0.0,0.0,0.0,0.0,0.0,0.0,0.339,8326129.0,0.34,42984.0,0.341,1630.0,0.342,930.0,0.343,2041.0,10.0,20150826105505,-0.038,-10.08,0.339,0.339,0.339,33339.0,113.0,0.0,0.0,0.0,0.0,0.0,0.0,-1.0,-1.0,0.0,1.0,0.0,0.0
0,sz150086,0.339,0.377,0.339,33339.0,32383.0,956.0,0.0,0.0,0.0,0.0,0.0,0.0,0.0,0.0,0.0,0.0,0.339,8326956.0,0.34,42984.0,0.341,1630.0,0.342,930.0,0.343,2041.0,10.0,20150826105514,-0.038,-10.08,0.339,0.339,0.339,33339.0,113.0,0.0,0.0,0.0,0.0,0.0,0.0,-1.0,-1.0,0.0,1.0,0.0,0.0
0,sz150086,0.339,0.377,0.339,33339.0,32383.0,956.0,0.0,0.0,0.0,0.0,0.0,0.0,0.0,0.0,0.0,0.0,0.339,8328372.0,0.34,42984.0,0.341,1630.0,0.342,930.0,0.343,2041.0,10.0,20150826105523,-0.038,-10.08,0.339,0.339,0.339,33339.0,113.0,0.0,0.0,0.0,0.0,0.0,0.0,-1.0,-1.0,0.0,1.0,0.0,0.0
0,sz150086,0.339,0.377,0.339,33339.0,32383.0,956.0,0.0,0.0,0.0,0.0,0.0,0.0,0.0,0.0,0.0,0.0,0.339,8328191.0,0.34,42984.0,0.341,1630.0,0.342,930.0,0.343,2041.0,10.0,20150826105529,-0.038,-10.08,0.339,0.339,0.339,33339.0,113.0,0.0,0.0,0.0,0.0,0.0,0.0,-1.0,-1.0,0.0,1.0,0.0,0.0
0,sz150086,0.339,0.377,0.339,33339.0,32383.0,956.0,0.0,0.0,0.0,0.0,0.0,0.0,0.0,0.0,0.0,0.0,0.339,8327493.0,0.34,42984.0,0.341,1630.0,0.342,930.0,0.343,2041.0,10.0,20150826105541,-0.038,-10.08,0.339,0.339,0.339,33339.0,113.0,0.0,0.0,0.0,0.0,0.0,0.0,-1.0,-1.0,0.0,1.0,0.0,0.0
0,sz150086,0.339,0.377,0.339,33351.0,32395.0,956.0,0.0,0.0,0.0,0.0,0.0,0.0,0.0,0.0,0.0,0.0,0.339,8328634.0,0.34,42984.0,0.341,1630.0,0.342,930.0,0.343,2041.0,10.0,20150826105550,-0.038,-10.08,0.339,0.339,0.339,33351.0,113.0,0.0,0.0,0.0,0.0,0.0,0.0,-1.0,-1.0,0.0,1.0,0.0,0.0
0,sz150086,0.339,0.377,0.339,33656.0,32700.0,956.0,0.0,0.0,0.0,0.0,0.0,0.0,0.0,0.0,0.0,0.0,0.339,8328921.0,0.34,42984.0,0.341,1630.0,0.342,930.0,0.343,2041.0,10.0,20150826105559,-0.038,-10.08,0.339,0.339,0.339,33656.0,114.0,0.0,0.0,0.0,0.0,0.0,0.0,-1.0,-1.0,0.0,1.0,0.0,0.0
0,sz150086,0.339,0.377,0.339,33666.0,32710.0,956.0,0.0,0.0,0.0,0.0,0.0,0.0,0.0,0.0,0.0,0.0,0.339,8329095.0,0.34,42984.0,0.341,1630.0,0.342,930.0,0.343,2041.0,10.0,20150826105608,-0.038,-10.08,0.339,0.339,0.339,33666.0,114.0,0.0,0.0,0.0,0.0,0.0,0.0,-1.0,-1.0,0.0,1.0,0.0,0.0
0,sz150086,0.339,0.377,0.339,33669.0,32713.0,956.0,0.0,0.0,0.0,0.0,0.0,0.0,0.0,0.0,0.0,0.0,0.339,8331758.0,0.34,43345.0,0.341,1630.0,0.342,930.0,0.343,2041.0,10.0,20150826105617,-0.038,-10.08,0.339,0.339,0.339,33669.0,114.0,0.0,0.0,0.0,0.0,0.0,0.0,-1.0,-1.0,0.0,1.0,0.0,0.0
0,sz150086,0.339,0.377,0.339,33820.0,32864.0,956.0,0.0,0.0,0.0,0.0,0.0,0.0,0.0,0.0,0.0,0.0,0.339,8342517.0,0.34,43295.0,0.341,1630.0,0.342,930.0,0.343,2041.0,10.0,20150826105626,-0.038,-10.08,0.339,0.339,0.339,33820.0,115.0,0.0,0.0,0.0,0.0,0.0,0.0,-1.0,-1.0,0.0,1.0,0.0,0.0
0,sz150086,0.339,0.377,0.339,33864.0,32908.0,956.0,0.0,0.0,0.0,0.0,0.0,0.0,0.0,0.0,0.0,0.0,0.339,8345443.0,0.34,43295.0,0.341,1630.0,0.342,930.0,0.343,2041.0,10.0,20150826105635,-0.038,-10.08,0.339,0.339,0.339,33864.0,115.0,0.0,0.0,0.0,0.0,0.0,0.0,-1.0,-1.0,0.0,1.0,0.0,0.0
0,sz150086,0.339,0.377,0.339,33865.0,32909.0,956.0,0.0,0.0,0.0,0.0,0.0,0.0,0.0,0.0,0.0,0.0,0.339,8369548.0,0.34,43145.0,0.341,1630.0,0.342,930.0,0.343,2041.0,10.0,20150826105644,-0.038,-10.08,0.339,0.339,0.339,33865.0,115.0,0.0,0.0,0.0,0.0,0.0,0.0,-1.0,-1.0,0.0,1.0,0.0,0.0
0,sz150086,0.339,0.377,0.339,33865.0,32909.0,956.0,0.0,0.0,0.0,0.0,0.0,0.0,0.0,0.0,0.0,0.0,0.339,8371770.0,0.34,43145.0,0.341,1630.0,0.342,930.0,0.343,2041.0,10.0,20150826105653,-0.038,-10.08,0.339,0.339,0.339,33865.0,115.0,0.0,0.0,0.0,0.0,0.0,0.0,-1.0,-1.0,0.0,1.0,0.0,0.0
0,sz150086,0.339,0.377,0.339,34012.0,33056.0,956.0,0.0,0.0,0.0,0.0,0.0,0.0,0.0,0.0,0.0,0.0,0.339,8372083.0,0.34,42784.0,0.341,1656.0,0.342,930.0,0.343,2041.0,10.0,20150826105702,-0.038,-10.08,0.339,0.339,0.339,34012.0,115.0,0.0,0.0,0.0,0.0,0.0,0.0,-1.0,-1.0,0.0,1.0,0.0,0.0
0,sz150086,0.339,0.377,0.339,34012.0,33056.0,956.0,0.0,0.0,0.0,0.0,0.0,0.0,0.0,0.0,0.0,0.0,0.339,8371619.0,0.34,42784.0,0.341,1656.0,0.342,930.0,0.343,2041.0,10.0,20150826105711,-0.038,-10.08,0.339,0.339,0.339,34012.0,115.0,0.0,0.0,0.0,0.0,0.0,0.0,-1.0,-1.0,0.0,1.0,0.0,0.0
0,sz150086,0.339,0.377,0.339,34090.0,33134.0,956.0,0.0,0.0,0.0,0.0,0.0,0.0,0.0,0.0,0.0,0.0,0.339,8371610.0,0.34,42784.0,0.341,1656.0,0.342,930.0,0.343,2041.0,10.0,20150826105720,-0.038,-10.08,0.339,0.339,0.339,34090.0,116.0,0.0,0.0,0.0,0.0,0.0,0.0,-1.0,-1.0,0.0,1.0,0.0,0.0
0,sz150086,0.339,0.377,0.339,34460.0,33504.0,956.0,0.0,0.0,0.0,0.0,0.0,0.0,0.0,0.0,0.0,0.0,0.339,8373690.0,0.34,42784.0,0.341,1656.0,0.342,930.0,0.343,2041.0,10.0,20150826105732,-0.038,-10.08,0.339,0.339,0.339,34460.0,117.0,0.0,0.0,0.0,0.0,0.0,0.0,-1.0,-1.0,0.0,1.0,0.0,0.0
0,sz150086,0.339,0.377,0.339,34966.0,34010.0,956.0,0.0,0.0,0.0,0.0,0.0,0.0,0.0,0.0,0.0,0.0,0.339,8373856.0,0.34,42784.0,0.341,1656.0,0.342,930.0,0.343,2041.0,10.0,20150826105741,-0.038,-10.08,0.339,0.339,0.339,34966.0,119.0,0.0,0.0,0.0,0.0,0.0,0.0,-1.0,-1.0,0.0,1.0,0.0,0.0
0,sz150086,0.339,0.377,0.339,34966.0,34010.0,956.0,0.0,0.0,0.0,0.0,0.0,0.0,0.0,0.0,0.0,0.0,0.339,8373395.0,0.34,42784.0,0.341,1656.0,0.342,930.0,0.343,2041.0,10.0,20150826105750,-0.038,-10.08,0.339,0.339,0.339,34966.0,119.0,0.0,0.0,0.0,0.0,0.0,0.0,-1.0,-1.0,0.0,1.0,0.0,0.0
0,sz150086,0.339,0.377,0.339,35089.0,34133.0,956.0,0.0,0.0,0.0,0.0,0.0,0.0,0.0,0.0,0.0,0.0,0.339,8374069.0,0.34,42784.0,0.341,1656.0,0.342,930.0,0.343,2041.0,10.0,20150826105759,-0.038,-10.08,0.339,0.339,0.339,35089.0,119.0,0.0,0.0,0.0,0.0,0.0,0.0,-1.0,-1.0,0.0,1.0,0.0,0.0
0,sz150086,0.339,0.377,0.339,44818.0,43862.0,956.0,0.0,0.0,0.0,0.0,0.0,0.0,0.0,0.0,0.0,0.0,0.339,8357674.0,0.34,42784.0,0.341,1656.0,0.342,930.0,0.343,2041.0,10.0,20150826105808,-0.038,-10.08,0.339,0.339,0.339,44818.0,152.0,0.0,0.0,0.0,0.0,0.0,0.0,-1.0,-1.0,0.0,1.0,0.0,0.0
0,sz150086,0.339,0.377,0.339,44818.0,43862.0,956.0,0.0,0.0,0.0,0.0,0.0,0.0,0.0,0.0,0.0,0.0,0.339,8354476.0,0.34,42784.0,0.341,1656.0,0.342,930.0,0.343,2041.0,10.0,20150826105817,-0.038,-10.08,0.339,0.339,0.339,44818.0,152.0,0.0,0.0,0.0,0.0,0.0,0.0,-1.0,-1.0,0.0,1.0,0.0,0.0
0,sz150086,0.339,0.377,0.339,44873.0,43917.0,956.0,0.0,0.0,0.0,0.0,0.0,0.0,0.0,0.0,0.0,0.0,0.339,8354619.0,0.34,42784.0,0.341,1656.0,0.342,930.0,0.343,2041.0,10.0,20150826105826,-0.038,-10.08,0.339,0.339,0.339,44873.0,152.0,0.0,0.0,0.0,0.0,0.0,0.0,-1.0,-1.0,0.0,1.0,0.0,0.0
0,sz150086,0.339,0.377,0.339,44873.0,43917.0,956.0,0.0,0.0,0.0,0.0,0.0,0.0,0.0,0.0,0.0,0.0,0.339,8358004.0,0.34,42784.0,0.341,1656.0,0.342,930.0,0.343,2041.0,10.0,20150826105835,-0.038,-10.08,0.339,0.339,0.339,44873.0,152.0,0.0,0.0,0.0,0.0,0.0,0.0,-1.0,-1.0,0.0,1.0,0.0,0.0
0,sz150086,0.339,0.377,0.339,44974.0,44018.0,956.0,0.0,0.0,0.0,0.0,0.0,0.0,0.0,0.0,0.0,0.0,0.339,8354284.0,0.34,42784.0,0.341,1656.0,0.342,930.0,0.343,2041.0,10.0,20150826105847,-0.038,-10.08,0.339,0.339,0.339,44974.0,152.0,0.0,0.0,0.0,0.0,0.0,0.0,-1.0,-1.0,0.0,1.0,0.0,0.0
0,sz150086,0.339,0.377,0.339,44994.0,44038.0,956.0,0.0,0.0,0.0,0.0,0.0,0.0,0.0,0.0,0.0,0.0,0.339,8367900.0,0.34,42794.0,0.341,1656.0,0.342,930.0,0.343,2041.0,10.0,20150826105856,-0.038,-10.08,0.339,0.339,0.339,44994.0,153.0,0.0,0.0,0.0,0.0,0.0,0.0,-1.0,-1.0,0.0,1.0,0.0,0.0
0,sz150086,0.339,0.377,0.339,45309.0,44353.0,956.0,0.0,0.0,0.0,0.0,0.0,0.0,0.0,0.0,0.0,0.0,0.339,8365427.0,0.34,42794.0,0.341,1656.0,0.342,930.0,0.343,2041.0,10.0,20150826105906,-0.038,-10.08,0.339,0.339,0.339,45309.0,154.0,0.0,0.0,0.0,0.0,0.0,0.0,-1.0,-1.0,0.0,1.0,0.0,0.0
0,sz150086,0.339,0.377,0.339,46309.0,45353.0,956.0,0.0,0.0,0.0,0.0,0.0,0.0,0.0,0.0,0.0,0.0,0.339,8369328.0,0.34,42804.0,0.341,1656.0,0.342,930.0,0.343,2041.0,10.0,20150826105914,-0.038,-10.08,0.339,0.339,0.339,46309.0,157.0,0.0,0.0,0.0,0.0,0.0,0.0,-1.0,-1.0,0.0,1.0,0.0,0.0
0,sz150086,0.339,0.377,0.339,46329.0,45373.0,956.0,0.0,0.0,0.0,0.0,0.0,0.0,0.0,0.0,0.0,0.0,0.339,8369120.0,0.34,42814.0,0.341,1656.0,0.342,930.0,0.343,2041.0,10.0,20150826105926,-0.038,-10.08,0.339,0.339,0.339,46329.0,157.0,0.0,0.0,0.0,0.0,0.0,0.0,-1.0,-1.0,0.0,1.0,0.0,0.0
0,sz150086,0.339,0.377,0.339,46329.0,45373.0,956.0,0.0,0.0,0.0,0.0,0.0,0.0,0.0,0.0,0.0,0.0,0.339,8374419.0,0.34,42824.0,0.341,1656.0,0.342,930.0,0.343,2041.0,10.0,20150826105935,-0.038,-10.08,0.339,0.339,0.339,46329.0,157.0,0.0,0.0,0.0,0.0,0.0,0.0,-1.0,-1.0,0.0,1.0,0.0,0.0
0,sz150086,0.339,0.377,0.339,46534.0,45578.0,956.0,0.0,0.0,0.0,0.0,0.0,0.0,0.0,0.0,0.0,0.0,0.339,8376806.0,0.34,42834.0,0.341,1656.0,0.342,930.0,0.343,2041.0,10.0,20150826105945,-0.038,-10.08,0.339,0.339,0.339,46534.0,158.0,0.0,0.0,0.0,0.0,0.0,0.0,-1.0,-1.0,0.0,1.0,0.0,0.0
0,sz150086,0.339,0.377,0.339,46554.0,45598.0,956.0,0.0,0.0,0.0,0.0,0.0,0.0,0.0,0.0,0.0,0.0,0.339,8376021.0,0.34,42834.0,0.341,1656.0,0.342,930.0,0.343,2041.0,10.0,20150826105956,-0.038,-10.08,0.339,0.339,0.339,46554.0,158.0,0.0,0.0,0.0,0.0,0.0,0.0,-1.0,-1.0,0.0,1.0,0.0,0.0
0,sz150086,0.339,0.377,0.339,46803.0,45847.0,956.0,0.0,0.0,0.0,0.0,0.0,0.0,0.0,0.0,0.0,0.0,0.339,8372464.0,0.34,42844.0,0.341,1656.0,0.342,930.0,0.343,2041.0,10.0,20150826110005,-0.038,-10.08,0.339,0.339,0.339,46803.0,159.0,0.0,0.0,0.0,0.0,0.0,0.0,-1.0,-1.0,0.0,1.0,0.0,0.0
0,sz150086,0.339,0.377,0.339,46907.0,45951.0,956.0,0.0,0.0,0.0,0.0,0.0,0.0,0.0,0.0,0.0,0.0,0.339,8371991.0,0.34,42844.0,0.341,1656.0,0.342,930.0,0.343,2041.0,11.0,20150826110015,-0.038,-10.08,0.339,0.339,0.339,46907.0,159.0,0.0,0.0,0.0,0.0,0.0,0.0,-1.0,-1.0,0.0,1.0,0.0,0.0
0,sz150086,0.339,0.377,0.339,46907.0,45951.0,956.0,0.0,0.0,0.0,0.0,0.0,0.0,0.0,0.0,0.0,0.0,0.339,8383221.0,0.34,42844.0,0.341,1763.0,0.342,930.0,0.343,2041.0,11.0,20150826110024,-0.038,-10.08,0.339,0.339,0.339,46907.0,159.0,0.0,0.0,0.0,0.0,0.0,0.0,-1.0,-1.0,0.0,1.0,0.0,0.0
0,sz150086,0.339,0.377,0.339,46987.0,46031.0,956.0,0.0,0.0,0.0,0.0,0.0,0.0,0.0,0.0,0.0,0.0,0.339,8394837.0,0.34,42844.0,0.341,1763.0,0.342,930.0,0.343,2041.0,11.0,20150826110035,-0.038,-10.08,0.339,0.339,0.339,46987.0,159.0,0.0,0.0,0.0,0.0,0.0,0.0,-1.0,-1.0,0.0,1.0,0.0,0.0
0,sz150086,0.339,0.377,0.339,46987.0,46031.0,956.0,0.0,0.0,0.0,0.0,0.0,0.0,0.0,0.0,0.0,0.0,0.339,8396685.0,0.34,42844.0,0.341,1763.0,0.342,930.0,0.343,2041.0,11.0,20150826110045,-0.038,-10.08,0.339,0.339,0.339,46987.0,159.0,0.0,0.0,0.0,0.0,0.0,0.0,-1.0,-1.0,0.0,1.0,0.0,0.0
0,sz150086,0.339,0.377,0.339,47195.0,46239.0,956.0,0.0,0.0,0.0,0.0,0.0,0.0,0.0,0.0,0.0,0.0,0.339,8400668.0,0.34,42844.0,0.341,1763.0,0.342,930.0,0.343,2041.0,11.0,20150826110056,-0.038,-10.08,0.339,0.339,0.339,47195.0,160.0,0.0,0.0,0.0,0.0,0.0,0.0,-1.0,-1.0,0.0,1.0,0.0,0.0
0,sz150086,0.339,0.377,0.339,47195.0,46239.0,956.0,0.0,0.0,0.0,0.0,0.0,0.0,0.0,0.0,0.0,0.0,0.339,8403568.0,0.34,42844.0,0.341,1763.0,0.342,930.0,0.343,2041.0,11.0,20150826110106,-0.038,-10.08,0.339,0.339,0.339,47195.0,160.0,0.0,0.0,0.0,0.0,0.0,0.0,-1.0,-1.0,0.0,1.0,0.0,0.0
0,sz150086,0.339,0.377,0.339,47195.0,46239.0,956.0,0.0,0.0,0.0,0.0,0.0,0.0,0.0,0.0,0.0,0.0,0.339,8406559.0,0.34,42844.0,0.341,1763.0,0.342,930.0,0.343,2041.0,11.0,20150826110115,-0.038,-10.08,0.339,0.339,0.339,47195.0,160.0,0.0,0.0,0.0,0.0,0.0,0.0,-1.0,-1.0,0.0,1.0,0.0,0.0
0,sz150086,0.339,0.377,0.339,47248.0,46292.0,956.0,0.0,0.0,0.0,0.0,0.0,0.0,0.0,0.0,0.0,0.0,0.339,8412076.0,0.34,42844.0,0.341,1763.0,0.342,930.0,0.343,2141.0,11.0,20150826110129,-0.038,-10.08,0.339,0.339,0.339,47248.0,160.0,0.0,0.0,0.0,0.0,0.0,0.0,-1.0,-1.0,0.0,1.0,0.0,0.0
0,sz150086,0.339,0.377,0.339,47350.0,46394.0,956.0,0.0,0.0,0.0,0.0,0.0,0.0,0.0,0.0,0.0,0.0,0.339,8410385.0,0.34,42844.0,0.341,1763.0,0.342,930.0,0.343,2141.0,11.0,20150826110138,-0.038,-10.08,0.339,0.339,0.339,47350.0,161.0,0.0,0.0,0.0,0.0,0.0,0.0,-1.0,-1.0,0.0,1.0,0.0,0.0
0,sz150086,0.339,0.377,0.339,47450.0,46494.0,956.0,0.0,0.0,0.0,0.0,0.0,0.0,0.0,0.0,0.0,0.0,0.339,8410675.0,0.34,42844.0,0.341,1763.0,0.342,930.0,0.343,2141.0,11.0,20150826110145,-0.038,-10.08,0.339,0.339,0.339,47450.0,161.0,0.0,0.0,0.0,0.0,0.0,0.0,-1.0,-1.0,0.0,1.0,0.0,0.0
0,sz150086,0.339,0.377,0.339,47605.0,46649.0,956.0,0.0,0.0,0.0,0.0,0.0,0.0,0.0,0.0,0.0,0.0,0.339,8412728.0,0.34,42844.0,0.341,1763.0,0.342,930.0,0.343,2141.0,11.0,20150826110157,-0.038,-10.08,0.339,0.339,0.339,47605.0,161.0,0.0,0.0,0.0,0.0,0.0,0.0,-1.0,-1.0,0.0,1.0,0.0,0.0
0,sz150086,0.339,0.377,0.339,47605.0,46649.0,956.0,0.0,0.0,0.0,0.0,0.0,0.0,0.0,0.0,0.0,0.0,0.339,8419524.0,0.34,42844.0,0.341,1763.0,0.342,930.0,0.343,2141.0,11.0,20150826110209,-0.038,-10.08,0.339,0.339,0.339,47605.0,161.0,0.0,0.0,0.0,0.0,0.0,0.0,-1.0,-1.0,0.0,1.0,0.0,0.0
0,sz150086,0.339,0.377,0.339,47997.0,47041.0,956.0,0.0,0.0,0.0,0.0,0.0,0.0,0.0,0.0,0.0,0.0,0.339,8427047.0,0.34,46844.0,0.341,1763.0,0.342,930.0,0.343,2141.0,11.0,20150826110221,-0.038,-10.08,0.339,0.339,0.339,47997.0,163.0,0.0,0.0,0.0,0.0,0.0,0.0,-1.0,-1.0,0.0,1.0,0.0,0.0
0,sz150086,0.339,0.377,0.339,48615.0,47659.0,956.0,0.0,0.0,0.0,0.0,0.0,0.0,0.0,0.0,0.0,0.0,0.339,8426313.0,0.34,48344.0,0.341,1763.0,0.342,930.0,0.343,2141.0,11.0,20150826110232,-0.038,-10.08,0.339,0.339,0.339,48615.0,165.0,0.0,0.0,0.0,0.0,0.0,0.0,-1.0,-1.0,0.0,1.0,0.0,0.0
0,sz150086,0.339,0.377,0.339,48615.0,47659.0,956.0,0.0,0.0,0.0,0.0,0.0,0.0,0.0,0.0,0.0,0.0,0.339,8437099.0,0.34,48344.0,0.341,1763.0,0.342,930.0,0.343,2141.0,11.0,20150826110242,-0.038,-10.08,0.339,0.339,0.339,48615.0,165.0,0.0,0.0,0.0,0.0,0.0,0.0,-1.0,-1.0,0.0,1.0,0.0,0.0
0,sz150086,0.339,0.377,0.339,48665.0,47709.0,956.0,0.0,0.0,0.0,0.0,0.0,0.0,0.0,0.0,0.0,0.0,0.339,8449376.0,0.34,48344.0,0.341,1763.0,0.342,930.0,0.343,2141.0,11.0,20150826110253,-0.038,-10.08,0.339,0.339,0.339,48665.0,165.0,0.0,0.0,0.0,0.0,0.0,0.0,-1.0,-1.0,0.0,1.0,0.0,0.0
0,sz150086,0.339,0.377,0.339,48742.0,47786.0,956.0,0.0,0.0,0.0,0.0,0.0,0.0,0.0,0.0,0.0,0.0,0.339,8454003.0,0.34,48344.0,0.341,1763.0,0.342,930.0,0.343,2141.0,11.0,20150826110303,-0.038,-10.08,0.339,0.339,0.339,48742.0,165.0,0.0,0.0,0.0,0.0,0.0,0.0,-1.0,-1.0,0.0,1.0,0.0,0.0
0,sz150086,0.339,0.377,0.339,48742.0,47786.0,956.0,0.0,0.0,0.0,0.0,0.0,0.0,0.0,0.0,0.0,0.0,0.339,8454003.0,0.34,48344.0,0.341,1764.0,0.342,930.0,0.343,2141.0,11.0,20150826110315,-0.038,-10.08,0.339,0.339,0.339,48742.0,165.0,0.0,0.0,0.0,0.0,0.0,0.0,-1.0,-1.0,0.0,1.0,0.0,0.0
0,sz150086,0.339,0.377,0.339,48765.0,47809.0,956.0,0.0,0.0,0.0,0.0,0.0,0.0,0.0,0.0,0.0,0.0,0.339,8437201.0,0.34,48344.0,0.341,1764.0,0.342,930.0,0.343,2141.0,11.0,20150826110324,-0.038,-10.08,0.339,0.339,0.339,48765.0,165.0,0.0,0.0,0.0,0.0,0.0,0.0,-1.0,-1.0,0.0,1.0,0.0,0.0
0,sz150086,0.339,0.377,0.339,48808.0,47852.0,956.0,0.0,0.0,0.0,0.0,0.0,0.0,0.0,0.0,0.0,0.0,0.339,8439733.0,0.34,48344.0,0.341,1764.0,0.342,930.0,0.343,2141.0,11.0,20150826110335,-0.038,-10.08,0.339,0.339,0.339,48808.0,165.0,0.0,0.0,0.0,0.0,0.0,0.0,-1.0,-1.0,0.0,1.0,0.0,0.0
0,sz150086,0.339,0.377,0.339,48808.0,47852.0,956.0,0.0,0.0,0.0,0.0,0.0,0.0,0.0,0.0,0.0,0.0,0.339,8441497.0,0.34,48577.0,0.341,1764.0,0.342,930.0,0.343,2141.0,11.0,20150826110347,-0.038,-10.08,0.339,0.339,0.339,48808.0,165.0,0.0,0.0,0.0,0.0,0.0,0.0,-1.0,-1.0,0.0,1.0,0.0,0.0
0,sz150086,0.339,0.377,0.339,49180.0,48224.0,956.0,0.0,0.0,0.0,0.0,0.0,0.0,0.0,0.0,0.0,0.0,0.339,8447093.0,0.34,48577.0,0.341,1764.0,0.342,930.0,0.343,2141.0,11.0,20150826110400,-0.038,-10.08,0.339,0.339,0.339,49180.0,167.0,0.0,0.0,0.0,0.0,0.0,0.0,-1.0,-1.0,0.0,1.0,0.0,0.0
0,sz150086,0.339,0.377,0.339,49188.0,48232.0,956.0,0.0,0.0,0.0,0.0,0.0,0.0,0.0,0.0,0.0,0.0,0.339,8455681.0,0.34,48577.0,0.341,1764.0,0.342,930.0,0.343,2141.0,11.0,20150826110414,-0.038,-10.08,0.339,0.339,0.339,49188.0,167.0,0.0,0.0,0.0,0.0,0.0,0.0,-1.0,-1.0,0.0,1.0,0.0,0.0
0,sz150086,0.339,0.377,0.339,49398.0,48442.0,956.0,0.0,0.0,0.0,0.0,0.0,0.0,0.0,0.0,0.0,0.0,0.339,8460208.0,0.34,48577.0,0.341,1764.0,0.342,930.0,0.343,2141.0,11.0,20150826110424,-0.038,-10.08,0.339,0.339,0.339,49398.0,167.0,0.0,0.0,0.0,0.0,0.0,0.0,-1.0,-1.0,0.0,1.0,0.0,0.0
0,sz150086,0.339,0.377,0.339,49598.0,48642.0,956.0,0.0,0.0,0.0,0.0,0.0,0.0,0.0,0.0,0.0,0.0,0.339,8469192.0,0.34,48577.0,0.341,1764.0,0.342,930.0,0.343,2141.0,11.0,20150826110432,-0.038,-10.08,0.339,0.339,0.339,49598.0,168.0,0.0,0.0,0.0,0.0,0.0,0.0,-1.0,-1.0,0.0,1.0,0.0,0.0
0,sz150086,0.339,0.377,0.339,49598.0,48642.0,956.0,0.0,0.0,0.0,0.0,0.0,0.0,0.0,0.0,0.0,0.0,0.339,8471484.0,0.34,48577.0,0.341,1764.0,0.342,930.0,0.343,2141.0,11.0,20150826110444,-0.038,-10.08,0.339,0.339,0.339,49598.0,168.0,0.0,0.0,0.0,0.0,0.0,0.0,-1.0,-1.0,0.0,1.0,0.0,0.0
0,sz150086,0.339,0.377,0.339,49598.0,48642.0,956.0,0.0,0.0,0.0,0.0,0.0,0.0,0.0,0.0,0.0,0.0,0.339,8472460.0,0.34,48577.0,0.341,1764.0,0.342,930.0,0.343,2141.0,11.0,20150826110459,-0.038,-10.08,0.339,0.339,0.339,49598.0,168.0,0.0,0.0,0.0,0.0,0.0,0.0,-1.0,-1.0,0.0,1.0,0.0,0.0
0,sz150086,0.339,0.377,0.339,49607.0,48651.0,956.0,0.0,0.0,0.0,0.0,0.0,0.0,0.0,0.0,0.0,0.0,0.339,8472949.0,0.34,48577.0,0.341,1764.0,0.342,930.0,0.343,2141.0,11.0,20150826110509,-0.038,-10.08,0.339,0.339,0.339,49607.0,168.0,0.0,0.0,0.0,0.0,0.0,0.0,-1.0,-1.0,0.0,1.0,0.0,0.0
0,sz150086,0.339,0.377,0.339,49607.0,48651.0,956.0,0.0,0.0,0.0,0.0,0.0,0.0,0.0,0.0,0.0,0.0,0.339,8477364.0,0.34,48577.0,0.341,1764.0,0.342,930.0,0.343,2141.0,11.0,20150826110521,-0.038,-10.08,0.339,0.339,0.339,49607.0,168.0,0.0,0.0,0.0,0.0,0.0,0.0,-1.0,-1.0,0.0,1.0,0.0,0.0
0,sz150086,0.339,0.377,0.339,49620.0,48664.0,956.0,0.0,0.0,0.0,0.0,0.0,0.0,0.0,0.0,0.0,0.0,0.339,8477281.0,0.34,48577.0,0.341,1764.0,0.342,930.0,0.343,2141.0,11.0,20150826110532,-0.038,-10.08,0.339,0.339,0.339,49620.0,168.0,0.0,0.0,0.0,0.0,0.0,0.0,-1.0,-1.0,0.0,1.0,0.0,0.0
0,sz150086,0.339,0.377,0.339,49620.0,48664.0,956.0,0.0,0.0,0.0,0.0,0.0,0.0,0.0,0.0,0.0,0.0,0.339,8480584.0,0.34,49032.0,0.341,1764.0,0.342,930.0,0.343,2141.0,11.0,20150826110541,-0.038,-10.08,0.339,0.339,0.339,49620.0,168.0,0.0,0.0,0.0,0.0,0.0,0.0,-1.0,-1.0,0.0,1.0,0.0,0.0
0,sz150086,0.339,0.377,0.339,49820.0,48864.0,956.0,0.0,0.0,0.0,0.0,0.0,0.0,0.0,0.0,0.0,0.0,0.339,8479623.0,0.34,49032.0,0.341,1764.0,0.342,930.0,0.343,2141.0,11.0,20150826110557,-0.038,-10.08,0.339,0.339,0.339,49820.0,169.0,0.0,0.0,0.0,0.0,0.0,0.0,-1.0,-1.0,0.0,1.0,0.0,0.0
0,sz150086,0.339,0.377,0.339,50123.0,49167.0,956.0,0.0,0.0,0.0,0.0,0.0,0.0,0.0,0.0,0.0,0.0,0.339,8479723.0,0.34,48799.0,0.341,1764.0,0.342,930.0,0.343,2141.0,11.0,20150826110606,-0.038,-10.08,0.339,0.339,0.339,50123.0,170.0,0.0,0.0,0.0,0.0,0.0,0.0,-1.0,-1.0,0.0,1.0,0.0,0.0
0,sz150086,0.339,0.377,0.339,50123.0,49167.0,956.0,0.0,0.0,0.0,0.0,0.0,0.0,0.0,0.0,0.0,0.0,0.339,8483782.0,0.34,48799.0,0.341,1764.0,0.342,930.0,0.343,2141.0,11.0,20150826110621,-0.038,-10.08,0.339,0.339,0.339,50123.0,170.0,0.0,0.0,0.0,0.0,0.0,0.0,-1.0,-1.0,0.0,1.0,0.0,0.0
0,sz150086,0.339,0.377,0.339,50173.0,49217.0,956.0,0.0,0.0,0.0,0.0,0.0,0.0,0.0,0.0,0.0,0.0,0.339,8493279.0,0.34,48799.0,0.341,1764.0,0.342,930.0,0.343,2141.0,11.0,20150826110630,-0.038,-10.08,0.339,0.339,0.339,50173.0,170.0,0.0,0.0,0.0,0.0,0.0,0.0,-1.0,-1.0,0.0,1.0,0.0,0.0
0,sz150086,0.339,0.377,0.339,50313.0,49357.0,956.0,0.0,0.0,0.0,0.0,0.0,0.0,0.0,0.0,0.0,0.0,0.339,8495185.0,0.34,48799.0,0.341,1764.0,0.342,930.0,0.343,2141.0,11.0,20150826110645,-0.038,-10.08,0.339,0.339,0.339,50313.0,171.0,0.0,0.0,0.0,0.0,0.0,0.0,-1.0,-1.0,0.0,1.0,0.0,0.0
0,sz150086,0.339,0.377,0.339,50321.0,49365.0,956.0,0.0,0.0,0.0,0.0,0.0,0.0,0.0,0.0,0.0,0.0,0.339,8506325.0,0.34,48799.0,0.341,1764.0,0.342,930.0,0.343,2141.0,11.0,20150826110654,-0.038,-10.08,0.339,0.339,0.339,50321.0,171.0,0.0,0.0,0.0,0.0,0.0,0.0,-1.0,-1.0,0.0,1.0,0.0,0.0
0,sz150086,0.339,0.377,0.339,50361.0,49405.0,956.0,0.0,0.0,0.0,0.0,0.0,0.0,0.0,0.0,0.0,0.0,0.339,8513515.0,0.34,48799.0,0.341,1764.0,0.342,930.0,0.343,2141.0,11.0,20150826110709,-0.038,-10.08,0.339,0.339,0.339,50361.0,171.0,0.0,0.0,0.0,0.0,0.0,0.0,-1.0,-1.0,0.0,1.0,0.0,0.0
0,sz150086,0.339,0.377,0.339,50361.0,49405.0,956.0,0.0,0.0,0.0,0.0,0.0,0.0,0.0,0.0,0.0,0.0,0.339,8520478.0,0.34,48799.0,0.341,1764.0,0.342,930.0,0.343,2141.0,11.0,20150826110718,-0.038,-10.08,0.339,0.339,0.339,50361.0,171.0,0.0,0.0,0.0,0.0,0.0,0.0,-1.0,-1.0,0.0,1.0,0.0,0.0
0,sz150086,0.339,0.377,0.339,50361.0,49405.0,956.0,0.0,0.0,0.0,0.0,0.0,0.0,0.0,0.0,0.0,0.0,0.339,8520478.0,0.34,48799.0,0.341,1764.0,0.342,930.0,0.343,2141.0,11.0,20150826110730,-0.038,-10.08,0.339,0.339,0.339,50361.0,171.0,0.0,0.0,0.0,0.0,0.0,0.0,-1.0,-1.0,0.0,1.0,0.0,0.0
0,sz150086,0.339,0.377,0.339,50473.0,49517.0,956.0,0.0,0.0,0.0,0.0,0.0,0.0,0.0,0.0,0.0,0.0,0.339,8520612.0,0.34,48799.0,0.341,1764.0,0.342,930.0,0.343,2141.0,11.0,20150826110745,-0.038,-10.08,0.339,0.339,0.339,50473.0,171.0,0.0,0.0,0.0,0.0,0.0,0.0,-1.0,-1.0,0.0,1.0,0.0,0.0
0,sz150086,0.339,0.377,0.339,50473.0,49517.0,956.0,0.0,0.0,0.0,0.0,0.0,0.0,0.0,0.0,0.0,0.0,0.339,8521984.0,0.34,48799.0,0.341,1764.0,0.342,930.0,0.343,2141.0,11.0,20150826110757,-0.038,-10.08,0.339,0.339,0.339,50473.0,171.0,0.0,0.0,0.0,0.0,0.0,0.0,-1.0,-1.0,0.0,1.0,0.0,0.0
0,sz150086,0.339,0.377,0.339,50475.0,49519.0,956.0,0.0,0.0,0.0,0.0,0.0,0.0,0.0,0.0,0.0,0.0,0.339,8524121.0,0.34,48799.0,0.341,1764.0,0.342,930.0,0.343,2141.0,11.0,20150826110809,-0.038,-10.08,0.339,0.339,0.339,50475.0,171.0,0.0,0.0,0.0,0.0,0.0,0.0,-1.0,-1.0,0.0,1.0,0.0,0.0
0,sz150086,0.339,0.377,0.339,50491.0,49535.0,956.0,0.0,0.0,0.0,0.0,0.0,0.0,0.0,0.0,0.0,0.0,0.339,8524630.0,0.34,48799.0,0.341,1764.0,0.342,930.0,0.343,2141.0,11.0,20150826110821,-0.038,-10.08,0.339,0.339,0.339,50491.0,171.0,0.0,0.0,0.0,0.0,0.0,0.0,-1.0,-1.0,0.0,1.0,0.0,0.0
0,sz150086,0.339,0.377,0.339,50504.0,49548.0,956.0,0.0,0.0,0.0,0.0,0.0,0.0,0.0,0.0,0.0,0.0,0.339,8527023.0,0.34,48799.0,0.341,1764.0,0.342,930.0,0.343,2141.0,11.0,20150826110833,-0.038,-10.08,0.339,0.339,0.339,50504.0,171.0,0.0,0.0,0.0,0.0,0.0,0.0,-1.0,-1.0,0.0,1.0,0.0,0.0
0,sz150086,0.339,0.377,0.339,50563.0,49607.0,956.0,0.0,0.0,0.0,0.0,0.0,0.0,0.0,0.0,0.0,0.0,0.339,8528342.0,0.34,48799.0,0.341,1764.0,0.342,930.0,0.343,2141.0,11.0,20150826110845,-0.038,-10.08,0.339,0.339,0.339,50563.0,171.0,0.0,0.0,0.0,0.0,0.0,0.0,-1.0,-1.0,0.0,1.0,0.0,0.0
0,sz150086,0.339,0.377,0.339,50620.0,49664.0,956.0,0.0,0.0,0.0,0.0,0.0,0.0,0.0,0.0,0.0,0.0,0.339,8529247.0,0.34,48799.0,0.341,1764.0,0.342,930.0,0.343,2141.0,11.0,20150826110857,-0.038,-10.08,0.339,0.339,0.339,50620.0,172.0,0.0,0.0,0.0,0.0,0.0,0.0,-1.0,-1.0,0.0,1.0,0.0,0.0
0,sz150086,0.339,0.377,0.339,50620.0,49664.0,956.0,0.0,0.0,0.0,0.0,0.0,0.0,0.0,0.0,0.0,0.0,0.339,8530025.0,0.34,48799.0,0.341,1764.0,0.342,930.0,0.343,2141.0,11.0,20150826110909,-0.038,-10.08,0.339,0.339,0.339,50620.0,172.0,0.0,0.0,0.0,0.0,0.0,0.0,-1.0,-1.0,0.0,1.0,0.0,0.0
0,sz150086,0.339,0.377,0.339,50620.0,49664.0,956.0,0.0,0.0,0.0,0.0,0.0,0.0,0.0,0.0,0.0,0.0,0.339,8535272.0,0.34,48799.0,0.341,1764.0,0.342,930.0,0.343,2141.0,11.0,20150826110924,-0.038,-10.08,0.339,0.339,0.339,50620.0,172.0,0.0,0.0,0.0,0.0,0.0,0.0,-1.0,-1.0,0.0,1.0,0.0,0.0
0,sz150086,0.339,0.377,0.339,50735.0,49779.0,956.0,0.0,0.0,0.0,0.0,0.0,0.0,0.0,0.0,0.0,0.0,0.339,8540674.0,0.34,48799.0,0.341,1764.0,0.342,930.0,0.343,2141.0,11.0,20150826110933,-0.038,-10.08,0.339,0.339,0.339,50735.0,172.0,0.0,0.0,0.0,0.0,0.0,0.0,-1.0,-1.0,0.0,1.0,0.0,0.0
0,sz150086,0.339,0.377,0.339,52093.0,51137.0,956.0,0.0,0.0,0.0,0.0,0.0,0.0,0.0,0.0,0.0,0.0,0.339,8544880.0,0.34,48799.0,0.341,1764.0,0.342,930.0,0.343,2141.0,11.0,20150826110945,-0.038,-10.08,0.339,0.339,0.339,52093.0,177.0,0.0,0.0,0.0,0.0,0.0,0.0,-1.0,-1.0,0.0,1.0,0.0,0.0
0,sz150086,0.339,0.377,0.339,52093.0,51137.0,956.0,0.0,0.0,0.0,0.0,0.0,0.0,0.0,0.0,0.0,0.0,0.339,8549544.0,0.34,48799.0,0.341,1764.0,0.342,930.0,0.343,2141.0,11.0,20150826110957,-0.038,-10.08,0.339,0.339,0.339,52093.0,177.0,0.0,0.0,0.0,0.0,0.0,0.0,-1.0,-1.0,0.0,1.0,0.0,0.0
0,sz150086,0.339,0.377,0.339,52093.0,51137.0,956.0,0.0,0.0,0.0,0.0,0.0,0.0,0.0,0.0,0.0,0.0,0.339,8547748.0,0.34,48799.0,0.341,1764.0,0.342,930.0,0.343,2141.0,11.0,20150826111012,-0.038,-10.08,0.339,0.339,0.339,52093.0,177.0,0.0,0.0,0.0,0.0,0.0,0.0,-1.0,-1.0,0.0,1.0,0.0,0.0
0,sz150086,0.339,0.377,0.339,52177.0,51221.0,956.0,0.0,0.0,0.0,0.0,0.0,0.0,0.0,0.0,0.0,0.0,0.339,8549466.0,0.34,48799.0,0.341,1764.0,0.342,930.0,0.343,2141.0,11.0,20150826111024,-0.038,-10.08,0.339,0.339,0.339,52177.0,177.0,0.0,0.0,0.0,0.0,0.0,0.0,-1.0,-1.0,0.0,1.0,0.0,0.0
0,sz150086,0.339,0.377,0.339,52197.0,51241.0,956.0,0.0,0.0,0.0,0.0,0.0,0.0,0.0,0.0,0.0,0.0,0.339,8552809.0,0.34,44799.0,0.341,1764.0,0.342,930.0,0.343,2141.0,11.0,20150826111036,-0.038,-10.08,0.339,0.339,0.339,52197.0,177.0,0.0,0.0,0.0,0.0,0.0,0.0,-1.0,-1.0,0.0,1.0,0.0,0.0
0,sz150086,0.339,0.377,0.339,52448.0,51492.0,956.0,0.0,0.0,0.0,0.0,0.0,0.0,0.0,0.0,0.0,0.0,0.339,8552641.0,0.34,44921.0,0.341,1764.0,0.342,930.0,0.343,2141.0,11.0,20150826111048,-0.038,-10.08,0.339,0.339,0.339,52448.0,178.0,0.0,0.0,0.0,0.0,0.0,0.0,-1.0,-1.0,0.0,1.0,0.0,0.0
0,sz150086,0.339,0.377,0.339,52448.0,51492.0,956.0,0.0,0.0,0.0,0.0,0.0,0.0,0.0,0.0,0.0,0.0,0.339,8556040.0,0.34,44921.0,0.341,1764.0,0.342,930.0,0.343,2141.0,11.0,20150826111100,-0.038,-10.08,0.339,0.339,0.339,52448.0,178.0,0.0,0.0,0.0,0.0,0.0,0.0,-1.0,-1.0,0.0,1.0,0.0,0.0
0,sz150086,0.339,0.377,0.339,52448.0,51492.0,956.0,0.0,0.0,0.0,0.0,0.0,0.0,0.0,0.0,0.0,0.0,0.339,8557556.0,0.34,44921.0,0.341,1764.0,0.342,930.0,0.343,2141.0,11.0,20150826111112,-0.038,-10.08,0.339,0.339,0.339,52448.0,178.0,0.0,0.0,0.0,0.0,0.0,0.0,-1.0,-1.0,0.0,1.0,0.0,0.0
0,sz150086,0.339,0.377,0.339,52553.0,51597.0,956.0,0.0,0.0,0.0,0.0,0.0,0.0,0.0,0.0,0.0,0.0,0.339,8557289.0,0.34,44921.0,0.341,1764.0,0.342,979.0,0.343,2141.0,11.0,20150826111127,-0.038,-10.08,0.339,0.339,0.339,52553.0,178.0,0.0,0.0,0.0,0.0,0.0,0.0,-1.0,-1.0,0.0,1.0,0.0,0.0
0,sz150086,0.339,0.377,0.339,52633.0,51677.0,956.0,0.0,0.0,0.0,0.0,0.0,0.0,0.0,0.0,0.0,0.0,0.339,8557085.0,0.34,44921.0,0.341,1764.0,0.342,979.0,0.343,2141.0,11.0,20150826111139,-0.038,-10.08,0.339,0.339,0.339,52633.0,178.0,0.0,0.0,0.0,0.0,0.0,0.0,-1.0,-1.0,0.0,1.0,0.0,0.0
0,sz150086,0.339,0.377,0.339,52651.0,51695.0,956.0,0.0,0.0,0.0,0.0,0.0,0.0,0.0,0.0,0.0,0.0,0.339,8557806.0,0.34,44921.0,0.341,1813.0,0.342,979.0,0.343,2141.0,11.0,20150826111151,-0.038,-10.08,0.339,0.339,0.339,52651.0,178.0,0.0,0.0,0.0,0.0,0.0,0.0,-1.0,-1.0,0.0,1.0,0.0,0.0
0,sz150086,0.339,0.377,0.339,52811.0,51855.0,956.0,0.0,0.0,0.0,0.0,0.0,0.0,0.0,0.0,0.0,0.0,0.339,8559810.0,0.34,44921.0,0.341,1813.0,0.342,979.0,0.343,2141.0,11.0,20150826111203,-0.038,-10.08,0.339,0.339,0.339,52811.0,179.0,0.0,0.0,0.0,0.0,0.0,0.0,-1.0,-1.0,0.0,1.0,0.0,0.0
0,sz150086,0.339,0.377,0.339,52816.0,51860.0,956.0,0.0,0.0,0.0,0.0,0.0,0.0,0.0,0.0,0.0,0.0,0.339,8568787.0,0.34,44921.0,0.341,1813.0,0.342,979.0,0.343,2141.0,11.0,20150826111218,-0.038,-10.08,0.339,0.339,0.339,52816.0,179.0,0.0,0.0,0.0,0.0,0.0,0.0,-1.0,-1.0,0.0,1.0,0.0,0.0
0,sz150086,0.339,0.377,0.339,52925.0,51969.0,956.0,0.0,0.0,0.0,0.0,0.0,0.0,0.0,0.0,0.0,0.0,0.339,8579562.0,0.34,44921.0,0.341,1813.0,0.342,979.0,0.343,2141.0,11.0,20150826111230,-0.038,-10.08,0.339,0.339,0.339,52925.0,179.0,0.0,0.0,0.0,0.0,0.0,0.0,-1.0,-1.0,0.0,1.0,0.0,0.0
0,sz150086,0.339,0.377,0.339,52925.0,51969.0,956.0,0.0,0.0,0.0,0.0,0.0,0.0,0.0,0.0,0.0,0.0,0.339,8587143.0,0.34,44921.0,0.341,1813.0,0.342,979.0,0.343,2141.0,11.0,20150826111245,-0.038,-10.08,0.339,0.339,0.339,52925.0,179.0,0.0,0.0,0.0,0.0,0.0,0.0,-1.0,-1.0,0.0,1.0,0.0,0.0
0,sz150086,0.339,0.377,0.339,53025.0,52069.0,956.0,0.0,0.0,0.0,0.0,0.0,0.0,0.0,0.0,0.0,0.0,0.339,8591443.0,0.34,44921.0,0.341,1813.0,0.342,979.0,0.343,2141.0,11.0,20150826111257,-0.038,-10.08,0.339,0.339,0.339,53025.0,180.0,0.0,0.0,0.0,0.0,0.0,0.0,-1.0,-1.0,0.0,1.0,0.0,0.0
0,sz150086,0.339,0.377,0.339,53025.0,52069.0,956.0,0.0,0.0,0.0,0.0,0.0,0.0,0.0,0.0,0.0,0.0,0.339,8592960.0,0.34,45147.0,0.341,1813.0,0.342,979.0,0.343,2141.0,11.0,20150826111309,-0.038,-10.08,0.339,0.339,0.339,53025.0,180.0,0.0,0.0,0.0,0.0,0.0,0.0,-1.0,-1.0,0.0,1.0,0.0,0.0
0,sz150086,0.339,0.377,0.339,53025.0,52069.0,956.0,0.0,0.0,0.0,0.0,0.0,0.0,0.0,0.0,0.0,0.0,0.339,8590983.0,0.34,45147.0,0.341,1813.0,0.342,979.0,0.343,2141.0,11.0,20150826111324,-0.038,-10.08,0.339,0.339,0.339,53025.0,180.0,0.0,0.0,0.0,0.0,0.0,0.0,-1.0,-1.0,0.0,1.0,0.0,0.0
0,sz150086,0.339,0.377,0.339,53125.0,52169.0,956.0,0.0,0.0,0.0,0.0,0.0,0.0,0.0,0.0,0.0,0.0,0.339,8589009.0,0.34,45147.0,0.341,1813.0,0.342,979.0,0.343,2141.0,11.0,20150826111336,-0.038,-10.08,0.339,0.339,0.339,53125.0,180.0,0.0,0.0,0.0,0.0,0.0,0.0,-1.0,-1.0,0.0,1.0,0.0,0.0
0,sz150086,0.339,0.377,0.339,53225.0,52269.0,956.0,0.0,0.0,0.0,0.0,0.0,0.0,0.0,0.0,0.0,0.0,0.339,8589975.0,0.34,45147.0,0.341,1813.0,0.342,979.0,0.343,2141.0,11.0,20150826111351,-0.038,-10.08,0.339,0.339,0.339,53225.0,180.0,0.0,0.0,0.0,0.0,0.0,0.0,-1.0,-1.0,0.0,1.0,0.0,0.0
0,sz150086,0.339,0.377,0.339,53247.0,52291.0,956.0,0.0,0.0,0.0,0.0,0.0,0.0,0.0,0.0,0.0,0.0,0.339,8601571.0,0.34,45147.0,0.341,1813.0,0.342,979.0,0.343,2141.0,11.0,20150826111403,-0.038,-10.08,0.339,0.339,0.339,53247.0,181.0,0.0,0.0,0.0,0.0,0.0,0.0,-1.0,-1.0,0.0,1.0,0.0,0.0
0,sz150086,0.339,0.377,0.339,54247.0,53291.0,956.0,0.0,0.0,0.0,0.0,0.0,0.0,0.0,0.0,0.0,0.0,0.339,8607877.0,0.34,45147.0,0.341,1813.0,0.342,979.0,0.343,2141.0,11.0,20150826111415,-0.038,-10.08,0.339,0.339,0.339,54247.0,184.0,0.0,0.0,0.0,0.0,0.0,0.0,-1.0,-1.0,0.0,1.0,0.0,0.0
0,sz150086,0.339,0.377,0.339,54257.0,53301.0,956.0,0.0,0.0,0.0,0.0,0.0,0.0,0.0,0.0,0.0,0.0,0.339,8608368.0,0.34,45147.0,0.341,1813.0,0.342,979.0,0.343,2141.0,11.0,20150826111430,-0.038,-10.08,0.339,0.339,0.339,54257.0,184.0,0.0,0.0,0.0,0.0,0.0,0.0,-1.0,-1.0,0.0,1.0,0.0,0.0
0,sz150086,0.339,0.377,0.339,54555.0,53599.0,956.0,0.0,0.0,0.0,0.0,0.0,0.0,0.0,0.0,0.0,0.0,0.339,8610043.0,0.34,45147.0,0.341,1813.0,0.342,979.0,0.343,2141.0,11.0,20150826111445,-0.038,-10.08,0.339,0.339,0.339,54555.0,185.0,0.0,0.0,0.0,0.0,0.0,0.0,-1.0,-1.0,0.0,1.0,0.0,0.0
0,sz150086,0.339,0.377,0.339,54711.0,53755.0,956.0,0.0,0.0,0.0,0.0,0.0,0.0,0.0,0.0,0.0,0.0,0.339,8616010.0,0.34,45147.0,0.341,1813.0,0.342,979.0,0.343,2141.0,11.0,20150826111457,-0.038,-10.08,0.339,0.339,0.339,54711.0,185.0,0.0,0.0,0.0,0.0,0.0,0.0,-1.0,-1.0,0.0,1.0,0.0,0.0
0,sz150086,0.339,0.377,0.339,54722.0,53766.0,956.0,0.0,0.0,0.0,0.0,0.0,0.0,0.0,0.0,0.0,0.0,0.339,8618178.0,0.34,45147.0,0.341,1813.0,0.342,979.0,0.343,2141.0,11.0,20150826111512,-0.038,-10.08,0.339,0.339,0.339,54722.0,186.0,0.0,0.0,0.0,0.0,0.0,0.0,-1.0,-1.0,0.0,1.0,0.0,0.0
0,sz150086,0.339,0.377,0.339,54738.0,53782.0,956.0,0.0,0.0,0.0,0.0,0.0,0.0,0.0,0.0,0.0,0.0,0.339,8619723.0,0.34,45147.0,0.341,1813.0,0.342,979.0,0.343,2141.0,11.0,20150826111524,-0.038,-10.08,0.339,0.339,0.339,54738.0,186.0,0.0,0.0,0.0,0.0,0.0,0.0,-1.0,-1.0,0.0,1.0,0.0,0.0
0,sz150086,0.339,0.377,0.339,54738.0,53782.0,956.0,0.0,0.0,0.0,0.0,0.0,0.0,0.0,0.0,0.0,0.0,0.339,8630896.0,0.34,45244.0,0.341,1843.0,0.342,979.0,0.343,2141.0,11.0,20150826111539,-0.038,-10.08,0.339,0.339,0.339,54738.0,186.0,0.0,0.0,0.0,0.0,0.0,0.0,-1.0,-1.0,0.0,1.0,0.0,0.0
0,sz150086,0.339,0.377,0.339,54742.0,53786.0,956.0,0.0,0.0,0.0,0.0,0.0,0.0,0.0,0.0,0.0,0.0,0.339,8635031.0,0.34,45244.0,0.341,1843.0,0.342,979.0,0.343,2141.0,11.0,20150826111554,-0.038,-10.08,0.339,0.339,0.339,54742.0,186.0,0.0,0.0,0.0,0.0,0.0,0.0,-1.0,-1.0,0.0,1.0,0.0,0.0
0,sz150086,0.339,0.377,0.339,54752.0,53796.0,956.0,0.0,0.0,0.0,0.0,0.0,0.0,0.0,0.0,0.0,0.0,0.339,8636533.0,0.34,45244.0,0.341,1843.0,0.342,979.0,0.343,2141.0,11.0,20150826111606,-0.038,-10.08,0.339,0.339,0.339,54752.0,186.0,0.0,0.0,0.0,0.0,0.0,0.0,-1.0,-1.0,0.0,1.0,0.0,0.0
0,sz150086,0.339,0.377,0.339,54752.0,53796.0,956.0,0.0,0.0,0.0,0.0,0.0,0.0,0.0,0.0,0.0,0.0,0.339,8636000.0,0.34,45035.0,0.341,1843.0,0.342,849.0,0.343,2141.0,11.0,20150826111622,-0.038,-10.08,0.339,0.339,0.339,54752.0,186.0,0.0,0.0,0.0,0.0,0.0,0.0,-1.0,-1.0,0.0,1.0,0.0,0.0
0,sz150086,0.339,0.377,0.339,54754.0,53798.0,956.0,0.0,0.0,0.0,0.0,0.0,0.0,0.0,0.0,0.0,0.0,0.339,8636183.0,0.34,45035.0,0.341,1843.0,0.342,849.0,0.343,2141.0,11.0,20150826111637,-0.038,-10.08,0.339,0.339,0.339,54754.0,186.0,0.0,0.0,0.0,0.0,0.0,0.0,-1.0,-1.0,0.0,1.0,0.0,0.0
0,sz150086,0.339,0.377,0.339,54754.0,53798.0,956.0,0.0,0.0,0.0,0.0,0.0,0.0,0.0,0.0,0.0,0.0,0.339,8636012.0,0.34,45035.0,0.341,1843.0,0.342,849.0,0.343,2141.0,11.0,20150826111649,-0.038,-10.08,0.339,0.339,0.339,54754.0,186.0,0.0,0.0,0.0,0.0,0.0,0.0,-1.0,-1.0,0.0,1.0,0.0,0.0
0,sz150086,0.339,0.377,0.339,54802.0,53846.0,956.0,0.0,0.0,0.0,0.0,0.0,0.0,0.0,0.0,0.0,0.0,0.339,8646642.0,0.34,45065.0,0.341,1843.0,0.342,849.0,0.343,2141.0,11.0,20150826111704,-0.038,-10.08,0.339,0.339,0.339,54802.0,186.0,0.0,0.0,0.0,0.0,0.0,0.0,-1.0,-1.0,0.0,1.0,0.0,0.0
0,sz150086,0.339,0.377,0.339,55313.0,54357.0,956.0,0.0,0.0,0.0,0.0,0.0,0.0,0.0,0.0,0.0,0.0,0.339,8656567.0,0.34,45065.0,0.341,1843.0,0.342,849.0,0.343,2141.0,11.0,20150826111718,-0.038,-10.08,0.339,0.339,0.339,55313.0,188.0,0.0,0.0,0.0,0.0,0.0,0.0,-1.0,-1.0,0.0,1.0,0.0,0.0
0,sz150086,0.339,0.377,0.339,55329.0,54373.0,956.0,0.0,0.0,0.0,0.0,0.0,0.0,0.0,0.0,0.0,0.0,0.339,8656690.0,0.34,45686.0,0.341,1843.0,0.342,849.0,0.343,2141.0,11.0,20150826111734,-0.038,-10.08,0.339,0.339,0.339,55329.0,188.0,0.0,0.0,0.0,0.0,0.0,0.0,-1.0,-1.0,0.0,1.0,0.0,0.0
0,sz150086,0.339,0.377,0.339,55341.0,54385.0,956.0,0.0,0.0,0.0,0.0,0.0,0.0,0.0,0.0,0.0,0.0,0.339,8658723.0,0.34,45686.0,0.341,1843.0,0.342,849.0,0.343,2141.0,11.0,20150826111745,-0.038,-10.08,0.339,0.339,0.339,55341.0,188.0,0.0,0.0,0.0,0.0,0.0,0.0,-1.0,-1.0,0.0,1.0,0.0,0.0
0,sz150086,0.339,0.377,0.339,55491.0,54535.0,956.0,0.0,0.0,0.0,0.0,0.0,0.0,0.0,0.0,0.0,0.0,0.339,8659617.0,0.34,46409.0,0.341,1843.0,0.342,849.0,0.343,2141.0,11.0,20150826111800,-0.038,-10.08,0.339,0.339,0.339,55491.0,188.0,0.0,0.0,0.0,0.0,0.0,0.0,-1.0,-1.0,0.0,1.0,0.0,0.0
0,sz150086,0.339,0.377,0.339,55491.0,54535.0,956.0,0.0,0.0,0.0,0.0,0.0,0.0,0.0,0.0,0.0,0.0,0.339,8651977.0,0.34,46409.0,0.341,1843.0,0.342,849.0,0.343,2141.0,11.0,20150826111812,-0.038,-10.08,0.339,0.339,0.339,55491.0,188.0,0.0,0.0,0.0,0.0,0.0,0.0,-1.0,-1.0,0.0,1.0,0.0,0.0
0,sz150086,0.339,0.377,0.339,55499.0,54543.0,956.0,0.0,0.0,0.0,0.0,0.0,0.0,0.0,0.0,0.0,0.0,0.339,8651956.0,0.34,46409.0,0.341,1843.0,0.342,849.0,0.343,2141.0,11.0,20150826111827,-0.038,-10.08,0.339,0.339,0.339,55499.0,188.0,0.0,0.0,0.0,0.0,0.0,0.0,-1.0,-1.0,0.0,1.0,0.0,0.0
0,sz150086,0.339,0.377,0.339,55744.0,54788.0,956.0,0.0,0.0,0.0,0.0,0.0,0.0,0.0,0.0,0.0,0.0,0.339,8651452.0,0.34,46409.0,0.341,1843.0,0.342,849.0,0.343,2141.0,11.0,20150826111845,-0.038,-10.08,0.339,0.339,0.339,55744.0,189.0,0.0,0.0,0.0,0.0,0.0,0.0,-1.0,-1.0,0.0,1.0,0.0,0.0
0,sz150086,0.339,0.377,0.339,55744.0,54788.0,956.0,0.0,0.0,0.0,0.0,0.0,0.0,0.0,0.0,0.0,0.0,0.339,8652832.0,0.34,46409.0,0.341,1843.0,0.342,849.0,0.343,2141.0,11.0,20150826111857,-0.038,-10.08,0.339,0.339,0.339,55744.0,189.0,0.0,0.0,0.0,0.0,0.0,0.0,-1.0,-1.0,0.0,1.0,0.0,0.0
0,sz150086,0.339,0.377,0.339,55774.0,54818.0,956.0,0.0,0.0,0.0,0.0,0.0,0.0,0.0,0.0,0.0,0.0,0.339,8654377.0,0.34,46409.0,0.341,1843.0,0.342,849.0,0.343,2141.0,11.0,20150826111913,-0.038,-10.08,0.339,0.339,0.339,55774.0,189.0,0.0,0.0,0.0,0.0,0.0,0.0,-1.0,-1.0,0.0,1.0,0.0,0.0
0,sz150086,0.339,0.377,0.339,55774.0,54818.0,956.0,0.0,0.0,0.0,0.0,0.0,0.0,0.0,0.0,0.0,0.0,0.339,8654222.0,0.34,46409.0,0.341,1843.0,0.342,849.0,0.343,2141.0,11.0,20150826111927,-0.038,-10.08,0.339,0.339,0.339,55774.0,189.0,0.0,0.0,0.0,0.0,0.0,0.0,-1.0,-1.0,0.0,1.0,0.0,0.0
0,sz150086,0.339,0.377,0.339,55802.0,54846.0,956.0,0.0,0.0,0.0,0.0,0.0,0.0,0.0,0.0,0.0,0.0,0.339,8656817.0,0.34,46409.0,0.341,1843.0,0.342,849.0,0.343,2141.0,11.0,20150826111942,-0.038,-10.08,0.339,0.339,0.339,55802.0,189.0,0.0,0.0,0.0,0.0,0.0,0.0,-1.0,-1.0,0.0,1.0,0.0,0.0
0,sz150086,0.339,0.377,0.339,55949.0,54993.0,956.0,0.0,0.0,0.0,0.0,0.0,0.0,0.0,0.0,0.0,0.0,0.339,8658791.0,0.34,46409.0,0.341,1843.0,0.342,849.0,0.343,2141.0,11.0,20150826111955,-0.038,-10.08,0.339,0.339,0.339,55949.0,190.0,0.0,0.0,0.0,0.0,0.0,0.0,-1.0,-1.0,0.0,1.0,0.0,0.0
0,sz150086,0.339,0.377,0.339,56166.0,55210.0,956.0,0.0,0.0,0.0,0.0,0.0,0.0,0.0,0.0,0.0,0.0,0.339,8658667.0,0.34,46409.0,0.341,1843.0,0.342,849.0,0.343,2141.0,11.0,20150826112007,-0.038,-10.08,0.339,0.339,0.339,56166.0,190.0,0.0,0.0,0.0,0.0,0.0,0.0,-1.0,-1.0,0.0,1.0,0.0,0.0
0,sz150086,0.339,0.377,0.339,56166.0,55210.0,956.0,0.0,0.0,0.0,0.0,0.0,0.0,0.0,0.0,0.0,0.0,0.339,8671130.0,0.34,46409.0,0.341,1843.0,0.342,849.0,0.343,2141.0,11.0,20150826112025,-0.038,-10.08,0.339,0.339,0.339,56166.0,190.0,0.0,0.0,0.0,0.0,0.0,0.0,-1.0,-1.0,0.0,1.0,0.0,0.0
0,sz150086,0.339,0.377,0.339,56166.0,55210.0,956.0,0.0,0.0,0.0,0.0,0.0,0.0,0.0,0.0,0.0,0.0,0.339,8679000.0,0.34,46409.0,0.341,1843.0,0.342,849.0,0.343,2141.0,11.0,20150826112039,-0.038,-10.08,0.339,0.339,0.339,56166.0,190.0,0.0,0.0,0.0,0.0,0.0,0.0,-1.0,-1.0,0.0,1.0,0.0,0.0
0,sz150086,0.339,0.377,0.339,56358.0,55402.0,956.0,0.0,0.0,0.0,0.0,0.0,0.0,0.0,0.0,0.0,0.0,0.339,8678042.0,0.34,45686.0,0.341,1843.0,0.342,849.0,0.343,2141.0,11.0,20150826112054,-0.038,-10.08,0.339,0.339,0.339,56358.0,191.0,0.0,0.0,0.0,0.0,0.0,0.0,-1.0,-1.0,0.0,1.0,0.0,0.0
0,sz150086,0.339,0.377,0.339,56505.0,55549.0,956.0,0.0,0.0,0.0,0.0,0.0,0.0,0.0,0.0,0.0,0.0,0.339,8678238.0,0.34,45686.0,0.341,1843.0,0.342,849.0,0.343,2141.0,11.0,20150826112110,-0.038,-10.08,0.339,0.339,0.339,56505.0,192.0,0.0,0.0,0.0,0.0,0.0,0.0,-1.0,-1.0,0.0,1.0,0.0,0.0
0,sz150086,0.339,0.377,0.339,56581.0,55625.0,956.0,0.0,0.0,0.0,0.0,0.0,0.0,0.0,0.0,0.0,0.0,0.339,8672879.0,0.34,45686.0,0.341,1843.0,0.342,849.0,0.343,2141.0,11.0,20150826112122,-0.038,-10.08,0.339,0.339,0.339,56581.0,192.0,0.0,0.0,0.0,0.0,0.0,0.0,-1.0,-1.0,0.0,1.0,0.0,0.0
0,sz150086,0.339,0.377,0.339,57581.0,56625.0,956.0,0.0,0.0,0.0,0.0,0.0,0.0,0.0,0.0,0.0,0.0,0.339,8671912.0,0.34,45686.0,0.341,1843.0,0.342,849.0,0.343,2141.0,11.0,20150826112137,-0.038,-10.08,0.339,0.339,0.339,57581.0,195.0,0.0,0.0,0.0,0.0,0.0,0.0,-1.0,-1.0,0.0,1.0,0.0,0.0
0,sz150086,0.339,0.377,0.339,57581.0,56625.0,956.0,0.0,0.0,0.0,0.0,0.0,0.0,0.0,0.0,0.0,0.0,0.339,8670344.0,0.34,45686.0,0.341,1843.0,0.342,849.0,0.343,2141.0,11.0,20150826112154,-0.038,-10.08,0.339,0.339,0.339,57581.0,195.0,0.0,0.0,0.0,0.0,0.0,0.0,-1.0,-1.0,0.0,1.0,0.0,0.0
0,sz150086,0.339,0.377,0.339,57596.0,56640.0,956.0,0.0,0.0,0.0,0.0,0.0,0.0,0.0,0.0,0.0,0.0,0.339,8670128.0,0.34,45686.0,0.341,1843.0,0.342,849.0,0.343,2141.0,11.0,20150826112207,-0.038,-10.08,0.339,0.339,0.339,57596.0,195.0,0.0,0.0,0.0,0.0,0.0,0.0,-1.0,-1.0,0.0,1.0,0.0,0.0
0,sz150086,0.339,0.377,0.339,57796.0,56840.0,956.0,0.0,0.0,0.0,0.0,0.0,0.0,0.0,0.0,0.0,0.0,0.339,8665639.0,0.34,45686.0,0.341,1843.0,0.342,849.0,0.343,2141.0,11.0,20150826112224,-0.038,-10.08,0.339,0.339,0.339,57796.0,196.0,0.0,0.0,0.0,0.0,0.0,0.0,-1.0,-1.0,0.0,1.0,0.0,0.0
0,sz150086,0.339,0.377,0.339,58067.0,57111.0,956.0,0.0,0.0,0.0,0.0,0.0,0.0,0.0,0.0,0.0,0.0,0.339,8666832.0,0.34,45686.0,0.341,1843.0,0.342,849.0,0.343,2141.0,11.0,20150826112236,-0.038,-10.08,0.339,0.339,0.339,58067.0,197.0,0.0,0.0,0.0,0.0,0.0,0.0,-1.0,-1.0,0.0,1.0,0.0,0.0
0,sz150086,0.339,0.377,0.339,58187.0,57231.0,956.0,0.0,0.0,0.0,0.0,0.0,0.0,0.0,0.0,0.0,0.0,0.339,8661731.0,0.34,45686.0,0.341,1843.0,0.342,849.0,0.343,2142.0,11.0,20150826112255,-0.038,-10.08,0.339,0.339,0.339,58187.0,197.0,0.0,0.0,0.0,0.0,0.0,0.0,-1.0,-1.0,0.0,1.0,0.0,0.0
0,sz150086,0.339,0.377,0.339,58295.0,57339.0,956.0,0.0,0.0,0.0,0.0,0.0,0.0,0.0,0.0,0.0,0.0,0.339,8660479.0,0.34,45686.0,0.341,1843.0,0.342,849.0,0.343,2142.0,11.0,20150826112310,-0.038,-10.08,0.339,0.339,0.339,58295.0,198.0,0.0,0.0,0.0,0.0,0.0,0.0,-1.0,-1.0,0.0,1.0,0.0,0.0
0,sz150086,0.339,0.377,0.339,58546.0,57590.0,956.0,0.0,0.0,0.0,0.0,0.0,0.0,0.0,0.0,0.0,0.0,0.339,8663562.0,0.34,45686.0,0.341,1843.0,0.342,849.0,0.343,2142.0,11.0,20150826112325,-0.038,-10.08,0.339,0.339,0.339,58546.0,198.0,0.0,0.0,0.0,0.0,0.0,0.0,-1.0,-1.0,0.0,1.0,0.0,0.0
0,sz150086,0.339,0.377,0.339,59678.0,58722.0,956.0,0.0,0.0,0.0,0.0,0.0,0.0,0.0,0.0,0.0,0.0,0.339,8675544.0,0.34,45686.0,0.341,1843.0,0.342,849.0,0.343,2142.0,11.0,20150826112337,-0.038,-10.08,0.339,0.339,0.339,59678.0,202.0,0.0,0.0,0.0,0.0,0.0,0.0,-1.0,-1.0,0.0,1.0,0.0,0.0
0,sz150086,0.339,0.377,0.339,59828.0,58872.0,956.0,0.0,0.0,0.0,0.0,0.0,0.0,0.0,0.0,0.0,0.0,0.339,8681952.0,0.34,45686.0,0.341,1843.0,0.342,849.0,0.343,2142.0,11.0,20150826112354,-0.038,-10.08,0.339,0.339,0.339,59828.0,203.0,0.0,0.0,0.0,0.0,0.0,0.0,-1.0,-1.0,0.0,1.0,0.0,0.0
0,sz150086,0.339,0.377,0.339,60784.0,59828.0,956.0,0.0,0.0,0.0,0.0,0.0,0.0,0.0,0.0,0.0,0.0,0.339,8692801.0,0.34,45686.0,0.341,1843.0,0.342,849.0,0.343,2142.0,11.0,20150826112410,-0.038,-10.08,0.339,0.339,0.339,60784.0,206.0,0.0,0.0,0.0,0.0,0.0,0.0,-1.0,-1.0,0.0,1.0,0.0,0.0
0,sz150086,0.339,0.377,0.339,60896.0,59940.0,956.0,0.0,0.0,0.0,0.0,0.0,0.0,0.0,0.0,0.0,0.0,0.339,8692890.0,0.34,45686.0,0.341,1843.0,0.342,849.0,0.343,2142.0,11.0,20150826112428,-0.038,-10.08,0.339,0.339,0.339,60896.0,206.0,0.0,0.0,0.0,0.0,0.0,0.0,-1.0,-1.0,0.0,1.0,0.0,0.0
0,sz150086,0.339,0.377,0.339,61749.0,60793.0,956.0,0.0,0.0,0.0,0.0,0.0,0.0,0.0,0.0,0.0,0.0,0.339,8692757.0,0.34,45686.0,0.341,1843.0,0.342,849.0,0.343,2142.0,11.0,20150826112443,-0.038,-10.08,0.339,0.339,0.339,61749.0,209.0,0.0,0.0,0.0,0.0,0.0,0.0,-1.0,-1.0,0.0,1.0,0.0,0.0
0,sz150086,0.339,0.377,0.339,62046.0,61090.0,956.0,0.0,0.0,0.0,0.0,0.0,0.0,0.0,0.0,0.0,0.0,0.339,8694225.0,0.34,45686.0,0.341,1843.0,0.342,849.0,0.343,2142.0,11.0,20150826112458,-0.038,-10.08,0.339,0.339,0.339,62046.0,210.0,0.0,0.0,0.0,0.0,0.0,0.0,-1.0,-1.0,0.0,1.0,0.0,0.0
0,sz150086,0.339,0.377,0.339,62046.0,61090.0,956.0,0.0,0.0,0.0,0.0,0.0,0.0,0.0,0.0,0.0,0.0,0.339,8700586.0,0.34,45686.0,0.341,1843.0,0.342,849.0,0.343,2342.0,11.0,20150826112510,-0.038,-10.08,0.339,0.339,0.339,62046.0,210.0,0.0,0.0,0.0,0.0,0.0,0.0,-1.0,-1.0,0.0,1.0,0.0,0.0
0,sz150086,0.339,0.377,0.339,62128.0,61172.0,956.0,0.0,0.0,0.0,0.0,0.0,0.0,0.0,0.0,0.0,0.0,0.339,8697005.0,0.34,45686.0,0.341,1843.0,0.342,849.0,0.343,2342.0,11.0,20150826112528,-0.038,-10.08,0.339,0.339,0.339,62128.0,211.0,0.0,0.0,0.0,0.0,0.0,0.0,-1.0,-1.0,0.0,1.0,0.0,0.0
0,sz150086,0.339,0.377,0.339,62506.0,61550.0,956.0,0.0,0.0,0.0,0.0,0.0,0.0,0.0,0.0,0.0,0.0,0.339,8698960.0,0.34,45156.0,0.341,1843.0,0.342,849.0,0.343,2342.0,11.0,20150826112543,-0.038,-10.08,0.339,0.339,0.339,62506.0,212.0,0.0,0.0,0.0,0.0,0.0,0.0,-1.0,-1.0,0.0,1.0,0.0,0.0
0,sz150086,0.339,0.377,0.339,62510.0,61554.0,956.0,0.0,0.0,0.0,0.0,0.0,0.0,0.0,0.0,0.0,0.0,0.339,8702142.0,0.34,45156.0,0.341,1843.0,0.342,849.0,0.343,2142.0,11.0,20150826112558,-0.038,-10.08,0.339,0.339,0.339,62510.0,212.0,0.0,0.0,0.0,0.0,0.0,0.0,-1.0,-1.0,0.0,1.0,0.0,0.0
0,sz150086,0.339,0.377,0.339,62510.0,61554.0,956.0,0.0,0.0,0.0,0.0,0.0,0.0,0.0,0.0,0.0,0.0,0.339,8701453.0,0.34,45156.0,0.341,1843.0,0.342,849.0,0.343,2142.0,11.0,20150826112613,-0.038,-10.08,0.339,0.339,0.339,62510.0,212.0,0.0,0.0,0.0,0.0,0.0,0.0,-1.0,-1.0,0.0,1.0,0.0,0.0
0,sz150086,0.339,0.377,0.339,63211.0,62255.0,956.0,0.0,0.0,0.0,0.0,0.0,0.0,0.0,0.0,0.0,0.0,0.339,8702477.0,0.34,45156.0,0.341,1843.0,0.342,849.0,0.343,2142.0,11.0,20150826112631,-0.038,-10.08,0.339,0.339,0.339,63211.0,214.0,0.0,0.0,0.0,0.0,0.0,0.0,-1.0,-1.0,0.0,1.0,0.0,0.0
0,sz150086,0.339,0.377,0.339,63249.0,62293.0,956.0,0.0,0.0,0.0,0.0,0.0,0.0,0.0,0.0,0.0,0.0,0.339,8703960.0,0.34,45156.0,0.341,1843.0,0.342,849.0,0.343,2142.0,11.0,20150826112646,-0.038,-10.08,0.339,0.339,0.339,63249.0,214.0,0.0,0.0,0.0,0.0,0.0,0.0,-1.0,-1.0,0.0,1.0,0.0,0.0
0,sz150086,0.339,0.377,0.339,63251.0,62295.0,956.0,0.0,0.0,0.0,0.0,0.0,0.0,0.0,0.0,0.0,0.0,0.339,8716186.0,0.34,45156.0,0.341,1843.0,0.342,849.0,0.343,2142.0,11.0,20150826112701,-0.038,-10.08,0.339,0.339,0.339,63251.0,214.0,0.0,0.0,0.0,0.0,0.0,0.0,-1.0,-1.0,0.0,1.0,0.0,0.0
0,sz150086,0.339,0.377,0.339,63311.0,62355.0,956.0,0.0,0.0,0.0,0.0,0.0,0.0,0.0,0.0,0.0,0.0,0.339,8717604.0,0.34,45156.0,0.341,1843.0,0.342,849.0,0.343,2142.0,11.0,20150826112716,-0.038,-10.08,0.339,0.339,0.339,63311.0,215.0,0.0,0.0,0.0,0.0,0.0,0.0,-1.0,-1.0,0.0,1.0,0.0,0.0
0,sz150086,0.339,0.377,0.339,63386.0,62430.0,956.0,0.0,0.0,0.0,0.0,0.0,0.0,0.0,0.0,0.0,0.0,0.339,8719218.0,0.34,45156.0,0.341,1843.0,0.342,849.0,0.343,2142.0,11.0,20150826112731,-0.038,-10.08,0.339,0.339,0.339,63386.0,215.0,0.0,0.0,0.0,0.0,0.0,0.0,-1.0,-1.0,0.0,1.0,0.0,0.0
0,sz150086,0.339,0.377,0.339,63386.0,62430.0,956.0,0.0,0.0,0.0,0.0,0.0,0.0,0.0,0.0,0.0,0.0,0.339,8718944.0,0.34,45156.0,0.341,1843.0,0.342,849.0,0.343,2142.0,11.0,20150826112746,-0.038,-10.08,0.339,0.339,0.339,63386.0,215.0,0.0,0.0,0.0,0.0,0.0,0.0,-1.0,-1.0,0.0,1.0,0.0,0.0
0,sz150086,0.339,0.377,0.339,63386.0,62430.0,956.0,0.0,0.0,0.0,0.0,0.0,0.0,0.0,0.0,0.0,0.0,0.339,8721992.0,0.34,45156.0,0.341,1843.0,0.342,849.0,0.343,2142.0,11.0,20150826112804,-0.038,-10.08,0.339,0.339,0.339,63386.0,215.0,0.0,0.0,0.0,0.0,0.0,0.0,-1.0,-1.0,0.0,1.0,0.0,0.0
0,sz150086,0.339,0.377,0.339,63509.0,62553.0,956.0,0.0,0.0,0.0,0.0,0.0,0.0,0.0,0.0,0.0,0.0,0.339,8725011.0,0.34,45156.0,0.341,1843.0,0.342,849.0,0.343,2142.0,11.0,20150826112819,-0.038,-10.08,0.339,0.339,0.339,63509.0,215.0,0.0,0.0,0.0,0.0,0.0,0.0,-1.0,-1.0,0.0,1.0,0.0,0.0
0,sz150086,0.339,0.377,0.339,63926.0,62970.0,956.0,0.0,0.0,0.0,0.0,0.0,0.0,0.0,0.0,0.0,0.0,0.339,8726914.0,0.34,45156.0,0.341,2158.0,0.342,849.0,0.343,2142.0,11.0,20150826112837,-0.038,-10.08,0.339,0.339,0.339,63926.0,217.0,0.0,0.0,0.0,0.0,0.0,0.0,-1.0,-1.0,0.0,1.0,0.0,0.0
0,sz150086,0.339,0.377,0.339,63926.0,62970.0,956.0,0.0,0.0,0.0,0.0,0.0,0.0,0.0,0.0,0.0,0.0,0.339,8726358.0,0.34,45156.0,0.341,2158.0,0.342,849.0,0.343,2142.0,11.0,20150826112852,-0.038,-10.08,0.339,0.339,0.339,63926.0,217.0,0.0,0.0,0.0,0.0,0.0,0.0,-1.0,-1.0,0.0,1.0,0.0,0.0
0,sz150086,0.339,0.377,0.339,63926.0,62970.0,956.0,0.0,0.0,0.0,0.0,0.0,0.0,0.0,0.0,0.0,0.0,0.339,8732904.0,0.34,45156.0,0.341,2158.0,0.342,849.0,0.343,2142.0,11.0,20150826112907,-0.038,-10.08,0.339,0.339,0.339,63926.0,217.0,0.0,0.0,0.0,0.0,0.0,0.0,-1.0,-1.0,0.0,1.0,0.0,0.0
0,sz150086,0.339,0.377,0.339,64926.0,63970.0,956.0,0.0,0.0,0.0,0.0,0.0,0.0,0.0,0.0,0.0,0.0,0.339,8732544.0,0.34,45156.0,0.341,2158.0,0.342,849.0,0.343,2142.0,11.0,20150826112922,-0.038,-10.08,0.339,0.339,0.339,64926.0,220.0,0.0,0.0,0.0,0.0,0.0,0.0,-1.0,-1.0,0.0,1.0,0.0,0.0
0,sz150086,0.339,0.377,0.339,64975.0,64019.0,956.0,0.0,0.0,0.0,0.0,0.0,0.0,0.0,0.0,0.0,0.0,0.339,8733082.0,0.34,45156.0,0.341,2158.0,0.342,849.0,0.343,2142.0,11.0,20150826112940,-0.038,-10.08,0.339,0.339,0.339,64975.0,220.0,0.0,0.0,0.0,0.0,0.0,0.0,-1.0,-1.0,0.0,1.0,0.0,0.0
0,sz150086,0.339,0.377,0.339,65597.0,64641.0,956.0,0.0,0.0,0.0,0.0,0.0,0.0,0.0,0.0,0.0,0.0,0.339,8738855.0,0.34,45156.0,0.341,2158.0,0.342,849.0,0.343,2142.0,11.0,20150826112958,-0.038,-10.08,0.339,0.339,0.339,65597.0,222.0,0.0,0.0,0.0,0.0,0.0,0.0,-1.0,-1.0,0.0,1.0,0.0,0.0
0,sz150086,0.339,0.377,0.339,65597.0,64641.0,956.0,0.0,0.0,0.0,0.0,0.0,0.0,0.0,0.0,0.0,0.0,0.339,8740295.0,0.34,45156.0,0.341,2158.0,0.342,849.0,0.343,2142.0,11.0,20150826113007,-0.038,-10.08,0.339,0.339,0.339,65597.0,222.0,0.0,0.0,0.0,0.0,0.0,0.0,-1.0,-1.0,0.0,1.0,0.0,0.0
0,sz150086,0.339,0.377,0.339,65597.0,64641.0,956.0,0.0,0.0,0.0,0.0,0.0,0.0,0.0,0.0,0.0,0.0,0.339,8740295.0,0.34,45156.0,0.341,2158.0,0.342,849.0,0.343,2142.0,11.0,20150826113022,-0.038,-10.08,0.339,0.339,0.339,65597.0,222.0,0.0,0.0,0.0,0.0,0.0,0.0,-1.0,-1.0,0.0,1.0,0.0,0.0
0,sz150086,0.339,0.377,0.339,65597.0,64641.0,956.0,0.0,0.0,0.0,0.0,0.0,0.0,0.0,0.0,0.0,0.0,0.339,8740295.0,0.34,45156.0,0.341,2158.0,0.342,849.0,0.343,2142.0,11.0,20150826113046,-0.038,-10.08,0.339,0.339,0.339,65597.0,222.0,0.0,0.0,0.0,0.0,0.0,0.0,-1.0,-1.0,0.0,1.0,0.0,0.0
0,sz150086,0.339,0.377,0.339,65597.0,64641.0,956.0,0.0,0.0,0.0,0.0,0.0,0.0,0.0,0.0,0.0,0.0,0.339,8740295.0,0.34,45156.0,0.341,2158.0,0.342,849.0,0.343,2142.0,11.0,20150826113049,-0.038,-10.08,0.339,0.339,0.339,65597.0,222.0,0.0,0.0,0.0,0.0,0.0,0.0,-1.0,-1.0,0.0,1.0,0.0,0.0
0,sz150086,0.339,0.377,0.339,65597.0,64641.0,956.0,0.0,0.0,0.0,0.0,0.0,0.0,0.0,0.0,0.0,0.0,0.0,0.0,0.0,0.0,0.0,0.0,0.0,0.0,0.0,0.0,11.0,20150826124956,-0.038,-10.08,0.339,0.339,0.339,65597.0,222.0,0.0,0.0,0.0,0.0,0.0,0.0,-1.0,-1.0,0.0,1.0,0.0,0.0
0,sz150086,0.339,0.377,0.339,65597.0,64641.0,956.0,0.0,0.0,0.0,0.0,0.0,0.0,0.0,0.0,0.0,0.0,0.0,0.0,0.0,0.0,0.0,0.0,0.0,0.0,0.0,0.0,11.0,20150826130011,-0.038,-10.08,0.339,0.339,0.339,65597.0,222.0,0.0,0.0,0.0,0.0,0.0,0.0,-1.0,-1.0,0.0,1.0,0.0,0.0
0,sz150086,0.339,0.377,0.339,65597.0,64641.0,956.0,0.0,0.0,0.0,0.0,0.0,0.0,0.0,0.0,0.0,0.0,0.0,0.0,0.0,0.0,0.0,0.0,0.0,0.0,0.0,0.0,11.0,20150826130030,-0.038,-10.08,0.339,0.339,0.339,65597.0,222.0,0.0,0.0,0.0,0.0,0.0,0.0,-1.0,-1.0,0.0,1.0,0.0,0.0
0,sz150086,0.339,0.377,0.339,65597.0,64641.0,956.0,0.0,0.0,0.0,0.0,0.0,0.0,0.0,0.0,0.0,0.0,0.0,0.0,0.0,0.0,0.0,0.0,0.0,0.0,0.0,0.0,11.0,20150826130044,-0.038,-10.08,0.339,0.339,0.339,65597.0,222.0,0.0,0.0,0.0,0.0,0.0,0.0,-1.0,-1.0,0.0,1.0,0.0,0.0
0,sz150086,0.339,0.377,0.339,65597.0,64641.0,956.0,0.0,0.0,0.0,0.0,0.0,0.0,0.0,0.0,0.0,0.0,0.0,0.0,0.0,0.0,0.0,0.0,0.0,0.0,0.0,0.0,11.0,20150826130105,-0.038,-10.08,0.339,0.339,0.339,65597.0,222.0,0.0,0.0,0.0,0.0,0.0,0.0,-1.0,-1.0,0.0,1.0,0.0,0.0
0,sz150086,0.339,0.377,0.339,65597.0,64641.0,956.0,0.0,0.0,0.0,0.0,0.0,0.0,0.0,0.0,0.0,0.0,0.0,0.0,0.0,0.0,0.0,0.0,0.0,0.0,0.0,0.0,11.0,20150826130121,-0.038,-10.08,0.339,0.339,0.339,65597.0,222.0,0.0,0.0,0.0,0.0,0.0,0.0,-1.0,-1.0,0.0,1.0,0.0,0.0
0,sz150086,0.339,0.377,0.339,65597.0,64641.0,956.0,0.0,0.0,0.0,0.0,0.0,0.0,0.0,0.0,0.0,0.0,0.0,0.0,0.0,0.0,0.0,0.0,0.0,0.0,0.0,0.0,11.0,20150826130136,-0.038,-10.08,0.339,0.339,0.339,65597.0,222.0,0.0,0.0,0.0,0.0,0.0,0.0,-1.0,-1.0,0.0,1.0,0.0,0.0
0,sz150086,0.339,0.377,0.339,65597.0,64641.0,956.0,0.0,0.0,0.0,0.0,0.0,0.0,0.0,0.0,0.0,0.0,0.0,0.0,0.0,0.0,0.0,0.0,0.0,0.0,0.0,0.0,11.0,20150826130153,-0.038,-10.08,0.339,0.339,0.339,65597.0,222.0,0.0,0.0,0.0,0.0,0.0,0.0,-1.0,-1.0,0.0,1.0,0.0,0.0
0,sz150086,0.339,0.377,0.339,65597.0,64641.0,956.0,0.0,0.0,0.0,0.0,0.0,0.0,0.0,0.0,0.0,0.0,0.0,0.0,0.0,0.0,0.0,0.0,0.0,0.0,0.0,0.0,11.0,20150826130212,-0.038,-10.08,0.339,0.339,0.339,65597.0,222.0,0.0,0.0,0.0,0.0,0.0,0.0,-1.0,-1.0,0.0,1.0,0.0,0.0
0,sz150086,0.339,0.377,0.339,65597.0,64641.0,956.0,0.0,0.0,0.0,0.0,0.0,0.0,0.0,0.0,0.0,0.0,0.0,0.0,0.0,0.0,0.0,0.0,0.0,0.0,0.0,0.0,11.0,20150826130227,-0.038,-10.08,0.339,0.339,0.339,65597.0,222.0,0.0,0.0,0.0,0.0,0.0,0.0,-1.0,-1.0,0.0,1.0,0.0,0.0
0,sz150086,0.339,0.377,0.339,65597.0,64641.0,956.0,0.0,0.0,0.0,0.0,0.0,0.0,0.0,0.0,0.0,0.0,0.0,0.0,0.0,0.0,0.0,0.0,0.0,0.0,0.0,0.0,11.0,20150826130244,-0.038,-10.08,0.339,0.339,0.339,65597.0,222.0,0.0,0.0,0.0,0.0,0.0,0.0,-1.0,-1.0,0.0,1.0,0.0,0.0
0,sz150086,0.339,0.377,0.339,65597.0,64641.0,956.0,0.0,0.0,0.0,0.0,0.0,0.0,0.0,0.0,0.0,0.0,0.0,0.0,0.0,0.0,0.0,0.0,0.0,0.0,0.0,0.0,11.0,20150826130302,-0.038,-10.08,0.339,0.339,0.339,65597.0,222.0,0.0,0.0,0.0,0.0,0.0,0.0,-1.0,-1.0,0.0,1.0,0.0,0.0
0,sz150086,0.339,0.377,0.339,65597.0,64641.0,956.0,0.0,0.0,0.0,0.0,0.0,0.0,0.0,0.0,0.0,0.0,0.0,0.0,0.0,0.0,0.0,0.0,0.0,0.0,0.0,0.0,11.0,20150826130320,-0.038,-10.08,0.339,0.339,0.339,65597.0,222.0,0.0,0.0,0.0,0.0,0.0,0.0,-1.0,-1.0,0.0,1.0,0.0,0.0
0,sz150086,0.339,0.377,0.339,65597.0,64641.0,956.0,0.0,0.0,0.0,0.0,0.0,0.0,0.0,0.0,0.0,0.0,0.0,0.0,0.0,0.0,0.0,0.0,0.0,0.0,0.0,0.0,11.0,20150826130335,-0.038,-10.08,0.339,0.339,0.339,65597.0,222.0,0.0,0.0,0.0,0.0,0.0,0.0,-1.0,-1.0,0.0,1.0,0.0,0.0
0,sz150086,0.339,0.377,0.339,65597.0,64641.0,956.0,0.0,0.0,0.0,0.0,0.0,0.0,0.0,0.0,0.0,0.0,0.0,0.0,0.0,0.0,0.0,0.0,0.0,0.0,0.0,0.0,11.0,20150826130357,-0.038,-10.08,0.339,0.339,0.339,65597.0,222.0,0.0,0.0,0.0,0.0,0.0,0.0,-1.0,-1.0,0.0,1.0,0.0,0.0
0,sz150086,0.339,0.377,0.339,65597.0,64641.0,956.0,0.0,0.0,0.0,0.0,0.0,0.0,0.0,0.0,0.0,0.0,0.0,0.0,0.0,0.0,0.0,0.0,0.0,0.0,0.0,0.0,11.0,20150826130412,-0.038,-10.08,0.339,0.339,0.339,65597.0,222.0,0.0,0.0,0.0,0.0,0.0,0.0,-1.0,-1.0,0.0,1.0,0.0,0.0
0,sz150086,0.339,0.377,0.339,65597.0,64641.0,956.0,0.0,0.0,0.0,0.0,0.0,0.0,0.0,0.0,0.0,0.0,0.0,0.0,0.0,0.0,0.0,0.0,0.0,0.0,0.0,0.0,11.0,20150826130429,-0.038,-10.08,0.339,0.339,0.339,65597.0,222.0,0.0,0.0,0.0,0.0,0.0,0.0,-1.0,-1.0,0.0,1.0,0.0,0.0
0,sz150086,0.339,0.377,0.339,65597.0,64641.0,956.0,0.0,0.0,0.0,0.0,0.0,0.0,0.0,0.0,0.0,0.0,0.0,0.0,0.0,0.0,0.0,0.0,0.0,0.0,0.0,0.0,11.0,20150826130447,-0.038,-10.08,0.339,0.339,0.339,65597.0,222.0,0.0,0.0,0.0,0.0,0.0,0.0,-1.0,-1.0,0.0,1.0,0.0,0.0
0,sz150086,0.339,0.377,0.339,65597.0,64641.0,956.0,0.0,0.0,0.0,0.0,0.0,0.0,0.0,0.0,0.0,0.0,0.0,0.0,0.0,0.0,0.0,0.0,0.0,0.0,0.0,0.0,11.0,20150826130505,-0.038,-10.08,0.339,0.339,0.339,65597.0,222.0,0.0,0.0,0.0,0.0,0.0,0.0,-1.0,-1.0,0.0,1.0,0.0,0.0
0,sz150086,0.339,0.377,0.339,65597.0,64641.0,956.0,0.0,0.0,0.0,0.0,0.0,0.0,0.0,0.0,0.0,0.0,0.0,0.0,0.0,0.0,0.0,0.0,0.0,0.0,0.0,0.0,11.0,20150826130523,-0.038,-10.08,0.339,0.339,0.339,65597.0,222.0,0.0,0.0,0.0,0.0,0.0,0.0,-1.0,-1.0,0.0,1.0,0.0,0.0
0,sz150086,0.339,0.377,0.339,65597.0,64641.0,956.0,0.0,0.0,0.0,0.0,0.0,0.0,0.0,0.0,0.0,0.0,0.0,0.0,0.0,0.0,0.0,0.0,0.0,0.0,0.0,0.0,11.0,20150826130538,-0.038,-10.08,0.339,0.339,0.339,65597.0,222.0,0.0,0.0,0.0,0.0,0.0,0.0,-1.0,-1.0,0.0,1.0,0.0,0.0
0,sz150086,0.339,0.377,0.339,65597.0,64641.0,956.0,0.0,0.0,0.0,0.0,0.0,0.0,0.0,0.0,0.0,0.0,0.0,0.0,0.0,0.0,0.0,0.0,0.0,0.0,0.0,0.0,11.0,20150826130557,-0.038,-10.08,0.339,0.339,0.339,65597.0,222.0,0.0,0.0,0.0,0.0,0.0,0.0,-1.0,-1.0,0.0,1.0,0.0,0.0
0,sz150086,0.339,0.377,0.339,65597.0,64641.0,956.0,0.0,0.0,0.0,0.0,0.0,0.0,0.0,0.0,0.0,0.0,0.0,0.0,0.0,0.0,0.0,0.0,0.0,0.0,0.0,0.0,11.0,20150826130618,-0.038,-10.08,0.339,0.339,0.339,65597.0,222.0,0.0,0.0,0.0,0.0,0.0,0.0,-1.0,-1.0,0.0,1.0,0.0,0.0
0,sz150086,0.339,0.377,0.339,65597.0,64641.0,956.0,0.0,0.0,0.0,0.0,0.0,0.0,0.0,0.0,0.0,0.0,0.0,0.0,0.0,0.0,0.0,0.0,0.0,0.0,0.0,0.0,11.0,20150826130633,-0.038,-10.08,0.339,0.339,0.339,65597.0,222.0,0.0,0.0,0.0,0.0,0.0,0.0,-1.0,-1.0,0.0,1.0,0.0,0.0
0,sz150086,0.339,0.377,0.339,65597.0,64641.0,956.0,0.0,0.0,0.0,0.0,0.0,0.0,0.0,0.0,0.0,0.0,0.0,0.0,0.0,0.0,0.0,0.0,0.0,0.0,0.0,0.0,11.0,20150826130651,-0.038,-10.08,0.339,0.339,0.339,65597.0,222.0,0.0,0.0,0.0,0.0,0.0,0.0,-1.0,-1.0,0.0,1.0,0.0,0.0
0,sz150086,0.339,0.377,0.339,65597.0,64641.0,956.0,0.0,0.0,0.0,0.0,0.0,0.0,0.0,0.0,0.0,0.0,0.0,0.0,0.0,0.0,0.0,0.0,0.0,0.0,0.0,0.0,11.0,20150826130709,-0.038,-10.08,0.339,0.339,0.339,65597.0,222.0,0.0,0.0,0.0,0.0,0.0,0.0,-1.0,-1.0,0.0,1.0,0.0,0.0
0,sz150086,0.339,0.377,0.339,65597.0,64641.0,956.0,0.0,0.0,0.0,0.0,0.0,0.0,0.0,0.0,0.0,0.0,0.0,0.0,0.0,0.0,0.0,0.0,0.0,0.0,0.0,0.0,11.0,20150826130727,-0.038,-10.08,0.339,0.339,0.339,65597.0,222.0,0.0,0.0,0.0,0.0,0.0,0.0,-1.0,-1.0,0.0,1.0,0.0,0.0
0,sz150086,0.339,0.377,0.339,65597.0,64641.0,956.0,0.0,0.0,0.0,0.0,0.0,0.0,0.0,0.0,0.0,0.0,0.0,0.0,0.0,0.0,0.0,0.0,0.0,0.0,0.0,0.0,11.0,20150826130748,-0.038,-10.08,0.339,0.339,0.339,65597.0,222.0,0.0,0.0,0.0,0.0,0.0,0.0,-1.0,-1.0,0.0,1.0,0.0,0.0
0,sz150086,0.339,0.377,0.339,65597.0,64641.0,956.0,0.0,0.0,0.0,0.0,0.0,0.0,0.0,0.0,0.0,0.0,0.0,0.0,0.0,0.0,0.0,0.0,0.0,0.0,0.0,0.0,11.0,20150826130806,-0.038,-10.08,0.339,0.339,0.339,65597.0,222.0,0.0,0.0,0.0,0.0,0.0,0.0,-1.0,-1.0,0.0,1.0,0.0,0.0
0,sz150086,0.339,0.377,0.339,65597.0,64641.0,956.0,0.0,0.0,0.0,0.0,0.0,0.0,0.0,0.0,0.0,0.0,0.0,0.0,0.0,0.0,0.0,0.0,0.0,0.0,0.0,0.0,11.0,20150826130824,-0.038,-10.08,0.339,0.339,0.339,65597.0,222.0,0.0,0.0,0.0,0.0,0.0,0.0,-1.0,-1.0,0.0,1.0,0.0,0.0
0,sz150086,0.339,0.377,0.339,65597.0,64641.0,956.0,0.0,0.0,0.0,0.0,0.0,0.0,0.0,0.0,0.0,0.0,0.0,0.0,0.0,0.0,0.0,0.0,0.0,0.0,0.0,0.0,11.0,20150826130842,-0.038,-10.08,0.339,0.339,0.339,65597.0,222.0,0.0,0.0,0.0,0.0,0.0,0.0,-1.0,-1.0,0.0,1.0,0.0,0.0
0,sz150086,0.339,0.377,0.339,65597.0,64641.0,956.0,0.0,0.0,0.0,0.0,0.0,0.0,0.0,0.0,0.0,0.0,0.0,0.0,0.0,0.0,0.0,0.0,0.0,0.0,0.0,0.0,11.0,20150826130900,-0.038,-10.08,0.339,0.339,0.339,65597.0,222.0,0.0,0.0,0.0,0.0,0.0,0.0,-1.0,-1.0,0.0,1.0,0.0,0.0
0,sz150086,0.339,0.377,0.339,65597.0,64641.0,956.0,0.0,0.0,0.0,0.0,0.0,0.0,0.0,0.0,0.0,0.0,0.0,0.0,0.0,0.0,0.0,0.0,0.0,0.0,0.0,0.0,11.0,20150826130918,-0.038,-10.08,0.339,0.339,0.339,65597.0,222.0,0.0,0.0,0.0,0.0,0.0,0.0,-1.0,-1.0,0.0,1.0,0.0,0.0
0,sz150086,0.339,0.377,0.339,65597.0,64641.0,956.0,0.0,0.0,0.0,0.0,0.0,0.0,0.0,0.0,0.0,0.0,0.0,0.0,0.0,0.0,0.0,0.0,0.0,0.0,0.0,0.0,11.0,20150826130936,-0.038,-10.08,0.339,0.339,0.339,65597.0,222.0,0.0,0.0,0.0,0.0,0.0,0.0,-1.0,-1.0,0.0,1.0,0.0,0.0
0,sz150086,0.339,0.377,0.339,65597.0,64641.0,956.0,0.0,0.0,0.0,0.0,0.0,0.0,0.0,0.0,0.0,0.0,0.0,0.0,0.0,0.0,0.0,0.0,0.0,0.0,0.0,0.0,11.0,20150826130957,-0.038,-10.08,0.339,0.339,0.339,65597.0,222.0,0.0,0.0,0.0,0.0,0.0,0.0,-1.0,-1.0,0.0,1.0,0.0,0.0
0,sz150086,0.339,0.377,0.339,65597.0,64641.0,956.0,0.0,0.0,0.0,0.0,0.0,0.0,0.0,0.0,0.0,0.0,0.0,0.0,0.0,0.0,0.0,0.0,0.0,0.0,0.0,0.0,11.0,20150826131015,-0.038,-10.08,0.339,0.339,0.339,65597.0,222.0,0.0,0.0,0.0,0.0,0.0,0.0,-1.0,-1.0,0.0,1.0,0.0,0.0
0,sz150086,0.339,0.377,0.339,65597.0,64641.0,956.0,0.0,0.0,0.0,0.0,0.0,0.0,0.0,0.0,0.0,0.0,0.0,0.0,0.0,0.0,0.0,0.0,0.0,0.0,0.0,0.0,11.0,20150826131036,-0.038,-10.08,0.339,0.339,0.339,65597.0,222.0,0.0,0.0,0.0,0.0,0.0,0.0,-1.0,-1.0,0.0,1.0,0.0,0.0
0,sz150086,0.339,0.377,0.339,65597.0,64641.0,956.0,0.0,0.0,0.0,0.0,0.0,0.0,0.0,0.0,0.0,0.0,0.0,0.0,0.0,0.0,0.0,0.0,0.0,0.0,0.0,0.0,11.0,20150826131054,-0.038,-10.08,0.339,0.339,0.339,65597.0,222.0,0.0,0.0,0.0,0.0,0.0,0.0,-1.0,-1.0,0.0,1.0,0.0,0.0
0,sz150086,0.339,0.377,0.339,65597.0,64641.0,956.0,0.0,0.0,0.0,0.0,0.0,0.0,0.0,0.0,0.0,0.0,0.0,0.0,0.0,0.0,0.0,0.0,0.0,0.0,0.0,0.0,11.0,20150826131112,-0.038,-10.08,0.339,0.339,0.339,65597.0,222.0,0.0,0.0,0.0,0.0,0.0,0.0,-1.0,-1.0,0.0,1.0,0.0,0.0
0,sz150086,0.339,0.377,0.339,65597.0,64641.0,956.0,0.0,0.0,0.0,0.0,0.0,0.0,0.0,0.0,0.0,0.0,0.0,0.0,0.0,0.0,0.0,0.0,0.0,0.0,0.0,0.0,11.0,20150826131127,-0.038,-10.08,0.339,0.339,0.339,65597.0,222.0,0.0,0.0,0.0,0.0,0.0,0.0,-1.0,-1.0,0.0,1.0,0.0,0.0
0,sz150086,0.339,0.377,0.339,65597.0,64641.0,956.0,0.0,0.0,0.0,0.0,0.0,0.0,0.0,0.0,0.0,0.0,0.0,0.0,0.0,0.0,0.0,0.0,0.0,0.0,0.0,0.0,11.0,20150826131145,-0.038,-10.08,0.339,0.339,0.339,65597.0,222.0,0.0,0.0,0.0,0.0,0.0,0.0,-1.0,-1.0,0.0,1.0,0.0,0.0
0,sz150086,0.339,0.377,0.339,65597.0,64641.0,956.0,0.0,0.0,0.0,0.0,0.0,0.0,0.0,0.0,0.0,0.0,0.0,0.0,0.0,0.0,0.0,0.0,0.0,0.0,0.0,0.0,11.0,20150826131209,-0.038,-10.08,0.339,0.339,0.339,65597.0,222.0,0.0,0.0,0.0,0.0,0.0,0.0,-1.0,-1.0,0.0,1.0,0.0,0.0
0,sz150086,0.339,0.377,0.339,65597.0,64641.0,956.0,0.0,0.0,0.0,0.0,0.0,0.0,0.0,0.0,0.0,0.0,0.0,0.0,0.0,0.0,0.0,0.0,0.0,0.0,0.0,0.0,11.0,20150826131227,-0.038,-10.08,0.339,0.339,0.339,65597.0,222.0,0.0,0.0,0.0,0.0,0.0,0.0,-1.0,-1.0,0.0,1.0,0.0,0.0
0,sz150086,0.339,0.377,0.339,65597.0,64641.0,956.0,0.0,0.0,0.0,0.0,0.0,0.0,0.0,0.0,0.0,0.0,0.0,0.0,0.0,0.0,0.0,0.0,0.0,0.0,0.0,0.0,11.0,20150826131245,-0.038,-10.08,0.339,0.339,0.339,65597.0,222.0,0.0,0.0,0.0,0.0,0.0,0.0,-1.0,-1.0,0.0,1.0,0.0,0.0
0,sz150086,0.339,0.377,0.339,65597.0,64641.0,956.0,0.0,0.0,0.0,0.0,0.0,0.0,0.0,0.0,0.0,0.0,0.0,0.0,0.0,0.0,0.0,0.0,0.0,0.0,0.0,0.0,11.0,20150826131306,-0.038,-10.08,0.339,0.339,0.339,65597.0,222.0,0.0,0.0,0.0,0.0,0.0,0.0,-1.0,-1.0,0.0,1.0,0.0,0.0
0,sz150086,0.339,0.377,0.339,65597.0,64641.0,956.0,0.0,0.0,0.0,0.0,0.0,0.0,0.0,0.0,0.0,0.0,0.0,0.0,0.0,0.0,0.0,0.0,0.0,0.0,0.0,0.0,11.0,20150826131324,-0.038,-10.08,0.339,0.339,0.339,65597.0,222.0,0.0,0.0,0.0,0.0,0.0,0.0,-1.0,-1.0,0.0,1.0,0.0,0.0
0,sz150086,0.339,0.377,0.339,65597.0,64641.0,956.0,0.0,0.0,0.0,0.0,0.0,0.0,0.0,0.0,0.0,0.0,0.0,0.0,0.0,0.0,0.0,0.0,0.0,0.0,0.0,0.0,11.0,20150826131342,-0.038,-10.08,0.339,0.339,0.339,65597.0,222.0,0.0,0.0,0.0,0.0,0.0,0.0,-1.0,-1.0,0.0,1.0,0.0,0.0
0,sz150086,0.339,0.377,0.339,65597.0,64641.0,956.0,0.0,0.0,0.0,0.0,0.0,0.0,0.0,0.0,0.0,0.0,0.0,0.0,0.0,0.0,0.0,0.0,0.0,0.0,0.0,0.0,11.0,20150826131403,-0.038,-10.08,0.339,0.339,0.339,65597.0,222.0,0.0,0.0,0.0,0.0,0.0,0.0,-1.0,-1.0,0.0,1.0,0.0,0.0
0,sz150086,0.339,0.377,0.339,65597.0,64641.0,956.0,0.0,0.0,0.0,0.0,0.0,0.0,0.0,0.0,0.0,0.0,0.0,0.0,0.0,0.0,0.0,0.0,0.0,0.0,0.0,0.0,11.0,20150826131421,-0.038,-10.08,0.339,0.339,0.339,65597.0,222.0,0.0,0.0,0.0,0.0,0.0,0.0,-1.0,-1.0,0.0,1.0,0.0,0.0
0,sz150086,0.339,0.377,0.339,65597.0,64641.0,956.0,0.0,0.0,0.0,0.0,0.0,0.0,0.0,0.0,0.0,0.0,0.0,0.0,0.0,0.0,0.0,0.0,0.0,0.0,0.0,0.0,11.0,20150826131439,-0.038,-10.08,0.339,0.339,0.339,65597.0,222.0,0.0,0.0,0.0,0.0,0.0,0.0,-1.0,-1.0,0.0,1.0,0.0,0.0
0,sz150086,0.339,0.377,0.339,65597.0,64641.0,956.0,0.0,0.0,0.0,0.0,0.0,0.0,0.0,0.0,0.0,0.0,0.0,0.0,0.0,0.0,0.0,0.0,0.0,0.0,0.0,0.0,11.0,20150826131458,-0.038,-10.08,0.339,0.339,0.339,65597.0,222.0,0.0,0.0,0.0,0.0,0.0,0.0,-1.0,-1.0,0.0,1.0,0.0,0.0
0,sz150086,0.339,0.377,0.339,65597.0,64641.0,956.0,0.0,0.0,0.0,0.0,0.0,0.0,0.0,0.0,0.0,0.0,0.0,0.0,0.0,0.0,0.0,0.0,0.0,0.0,0.0,0.0,11.0,20150826131518,-0.038,-10.08,0.339,0.339,0.339,65597.0,222.0,0.0,0.0,0.0,0.0,0.0,0.0,-1.0,-1.0,0.0,1.0,0.0,0.0
0,sz150086,0.339,0.377,0.339,65597.0,64641.0,956.0,0.0,0.0,0.0,0.0,0.0,0.0,0.0,0.0,0.0,0.0,0.0,0.0,0.0,0.0,0.0,0.0,0.0,0.0,0.0,0.0,11.0,20150826131539,-0.038,-10.08,0.339,0.339,0.339,65597.0,222.0,0.0,0.0,0.0,0.0,0.0,0.0,-1.0,-1.0,0.0,1.0,0.0,0.0
0,sz150086,0.339,0.377,0.339,65597.0,64641.0,956.0,0.0,0.0,0.0,0.0,0.0,0.0,0.0,0.0,0.0,0.0,0.0,0.0,0.0,0.0,0.0,0.0,0.0,0.0,0.0,0.0,11.0,20150826131558,-0.038,-10.08,0.339,0.339,0.339,65597.0,222.0,0.0,0.0,0.0,0.0,0.0,0.0,-1.0,-1.0,0.0,1.0,0.0,0.0
0,sz150086,0.339,0.377,0.339,65597.0,64641.0,956.0,0.0,0.0,0.0,0.0,0.0,0.0,0.0,0.0,0.0,0.0,0.0,0.0,0.0,0.0,0.0,0.0,0.0,0.0,0.0,0.0,11.0,20150826131616,-0.038,-10.08,0.339,0.339,0.339,65597.0,222.0,0.0,0.0,0.0,0.0,0.0,0.0,-1.0,-1.0,0.0,1.0,0.0,0.0
0,sz150086,0.339,0.377,0.339,65597.0,64641.0,956.0,0.0,0.0,0.0,0.0,0.0,0.0,0.0,0.0,0.0,0.0,0.0,0.0,0.0,0.0,0.0,0.0,0.0,0.0,0.0,0.0,11.0,20150826131636,-0.038,-10.08,0.339,0.339,0.339,65597.0,222.0,0.0,0.0,0.0,0.0,0.0,0.0,-1.0,-1.0,0.0,1.0,0.0,0.0
0,sz150086,0.339,0.377,0.339,65597.0,64641.0,956.0,0.0,0.0,0.0,0.0,0.0,0.0,0.0,0.0,0.0,0.0,0.0,0.0,0.0,0.0,0.0,0.0,0.0,0.0,0.0,0.0,11.0,20150826131655,-0.038,-10.08,0.339,0.339,0.339,65597.0,222.0,0.0,0.0,0.0,0.0,0.0,0.0,-1.0,-1.0,0.0,1.0,0.0,0.0
0,sz150086,0.339,0.377,0.339,65597.0,64641.0,956.0,0.0,0.0,0.0,0.0,0.0,0.0,0.0,0.0,0.0,0.0,0.0,0.0,0.0,0.0,0.0,0.0,0.0,0.0,0.0,0.0,11.0,20150826131713,-0.038,-10.08,0.339,0.339,0.339,65597.0,222.0,0.0,0.0,0.0,0.0,0.0,0.0,-1.0,-1.0,0.0,1.0,0.0,0.0
0,sz150086,0.339,0.377,0.339,65597.0,64641.0,956.0,0.0,0.0,0.0,0.0,0.0,0.0,0.0,0.0,0.0,0.0,0.0,0.0,0.0,0.0,0.0,0.0,0.0,0.0,0.0,0.0,11.0,20150826131736,-0.038,-10.08,0.339,0.339,0.339,65597.0,222.0,0.0,0.0,0.0,0.0,0.0,0.0,-1.0,-1.0,0.0,1.0,0.0,0.0
0,sz150086,0.339,0.377,0.339,65597.0,64641.0,956.0,0.0,0.0,0.0,0.0,0.0,0.0,0.0,0.0,0.0,0.0,0.0,0.0,0.0,0.0,0.0,0.0,0.0,0.0,0.0,0.0,11.0,20150826131754,-0.038,-10.08,0.339,0.339,0.339,65597.0,222.0,0.0,0.0,0.0,0.0,0.0,0.0,-1.0,-1.0,0.0,1.0,0.0,0.0
0,sz150086,0.339,0.377,0.339,65597.0,64641.0,956.0,0.0,0.0,0.0,0.0,0.0,0.0,0.0,0.0,0.0,0.0,0.0,0.0,0.0,0.0,0.0,0.0,0.0,0.0,0.0,0.0,11.0,20150826131813,-0.038,-10.08,0.339,0.339,0.339,65597.0,222.0,0.0,0.0,0.0,0.0,0.0,0.0,-1.0,-1.0,0.0,1.0,0.0,0.0
0,sz150086,0.339,0.377,0.339,65597.0,64641.0,956.0,0.0,0.0,0.0,0.0,0.0,0.0,0.0,0.0,0.0,0.0,0.0,0.0,0.0,0.0,0.0,0.0,0.0,0.0,0.0,0.0,11.0,20150826131836,-0.038,-10.08,0.339,0.339,0.339,65597.0,222.0,0.0,0.0,0.0,0.0,0.0,0.0,-1.0,-1.0,0.0,1.0,0.0,0.0
0,sz150086,0.339,0.377,0.339,65597.0,64641.0,956.0,0.0,0.0,0.0,0.0,0.0,0.0,0.0,0.0,0.0,0.0,0.0,0.0,0.0,0.0,0.0,0.0,0.0,0.0,0.0,0.0,11.0,20150826131852,-0.038,-10.08,0.339,0.339,0.339,65597.0,222.0,0.0,0.0,0.0,0.0,0.0,0.0,-1.0,-1.0,0.0,1.0,0.0,0.0
0,sz150086,0.339,0.377,0.339,65597.0,64641.0,956.0,0.0,0.0,0.0,0.0,0.0,0.0,0.0,0.0,0.0,0.0,0.0,0.0,0.0,0.0,0.0,0.0,0.0,0.0,0.0,0.0,11.0,20150826131913,-0.038,-10.08,0.339,0.339,0.339,65597.0,222.0,0.0,0.0,0.0,0.0,0.0,0.0,-1.0,-1.0,0.0,1.0,0.0,0.0
0,sz150086,0.339,0.377,0.339,65597.0,64641.0,956.0,0.0,0.0,0.0,0.0,0.0,0.0,0.0,0.0,0.0,0.0,0.0,0.0,0.0,0.0,0.0,0.0,0.0,0.0,0.0,0.0,11.0,20150826131933,-0.038,-10.08,0.339,0.339,0.339,65597.0,222.0,0.0,0.0,0.0,0.0,0.0,0.0,-1.0,-1.0,0.0,1.0,0.0,0.0
0,sz150086,0.339,0.377,0.339,65597.0,64641.0,956.0,0.0,0.0,0.0,0.0,0.0,0.0,0.0,0.0,0.0,0.0,0.0,0.0,0.0,0.0,0.0,0.0,0.0,0.0,0.0,0.0,11.0,20150826131954,-0.038,-10.08,0.339,0.339,0.339,65597.0,222.0,0.0,0.0,0.0,0.0,0.0,0.0,-1.0,-1.0,0.0,1.0,0.0,0.0
0,sz150086,0.339,0.377,0.339,65597.0,64641.0,956.0,0.0,0.0,0.0,0.0,0.0,0.0,0.0,0.0,0.0,0.0,0.0,0.0,0.0,0.0,0.0,0.0,0.0,0.0,0.0,0.0,11.0,20150826132012,-0.038,-10.08,0.339,0.339,0.339,65597.0,222.0,0.0,0.0,0.0,0.0,0.0,0.0,-1.0,-1.0,0.0,1.0,0.0,0.0
0,sz150086,0.339,0.377,0.339,65597.0,64641.0,956.0,0.0,0.0,0.0,0.0,0.0,0.0,0.0,0.0,0.0,0.0,0.0,0.0,0.0,0.0,0.0,0.0,0.0,0.0,0.0,0.0,11.0,20150826132034,-0.038,-10.08,0.339,0.339,0.339,65597.0,222.0,0.0,0.0,0.0,0.0,0.0,0.0,-1.0,-1.0,0.0,1.0,0.0,0.0
0,sz150086,0.339,0.377,0.339,65597.0,64641.0,956.0,0.0,0.0,0.0,0.0,0.0,0.0,0.0,0.0,0.0,0.0,0.0,0.0,0.0,0.0,0.0,0.0,0.0,0.0,0.0,0.0,11.0,20150826132054,-0.038,-10.08,0.339,0.339,0.339,65597.0,222.0,0.0,0.0,0.0,0.0,0.0,0.0,-1.0,-1.0,0.0,1.0,0.0,0.0
0,sz150086,0.339,0.377,0.339,65597.0,64641.0,956.0,0.0,0.0,0.0,0.0,0.0,0.0,0.0,0.0,0.0,0.0,0.0,0.0,0.0,0.0,0.0,0.0,0.0,0.0,0.0,0.0,11.0,20150826132115,-0.038,-10.08,0.339,0.339,0.339,65597.0,222.0,0.0,0.0,0.0,0.0,0.0,0.0,-1.0,-1.0,0.0,1.0,0.0,0.0
0,sz150086,0.339,0.377,0.339,65597.0,64641.0,956.0,0.0,0.0,0.0,0.0,0.0,0.0,0.0,0.0,0.0,0.0,0.0,0.0,0.0,0.0,0.0,0.0,0.0,0.0,0.0,0.0,11.0,20150826132134,-0.038,-10.08,0.339,0.339,0.339,65597.0,222.0,0.0,0.0,0.0,0.0,0.0,0.0,-1.0,-1.0,0.0,1.0,0.0,0.0
0,sz150086,0.339,0.377,0.339,65597.0,64641.0,956.0,0.0,0.0,0.0,0.0,0.0,0.0,0.0,0.0,0.0,0.0,0.0,0.0,0.0,0.0,0.0,0.0,0.0,0.0,0.0,0.0,11.0,20150826132155,-0.038,-10.08,0.339,0.339,0.339,65597.0,222.0,0.0,0.0,0.0,0.0,0.0,0.0,-1.0,-1.0,0.0,1.0,0.0,0.0
0,sz150086,0.339,0.377,0.339,65597.0,64641.0,956.0,0.0,0.0,0.0,0.0,0.0,0.0,0.0,0.0,0.0,0.0,0.0,0.0,0.0,0.0,0.0,0.0,0.0,0.0,0.0,0.0,11.0,20150826132216,-0.038,-10.08,0.339,0.339,0.339,65597.0,222.0,0.0,0.0,0.0,0.0,0.0,0.0,-1.0,-1.0,0.0,1.0,0.0,0.0
0,sz150086,0.339,0.377,0.339,65597.0,64641.0,956.0,0.0,0.0,0.0,0.0,0.0,0.0,0.0,0.0,0.0,0.0,0.0,0.0,0.0,0.0,0.0,0.0,0.0,0.0,0.0,0.0,11.0,20150826132237,-0.038,-10.08,0.339,0.339,0.339,65597.0,222.0,0.0,0.0,0.0,0.0,0.0,0.0,-1.0,-1.0,0.0,1.0,0.0,0.0
0,sz150086,0.339,0.377,0.339,65597.0,64641.0,956.0,0.0,0.0,0.0,0.0,0.0,0.0,0.0,0.0,0.0,0.0,0.0,0.0,0.0,0.0,0.0,0.0,0.0,0.0,0.0,0.0,11.0,20150826132301,-0.038,-10.08,0.339,0.339,0.339,65597.0,222.0,0.0,0.0,0.0,0.0,0.0,0.0,-1.0,-1.0,0.0,1.0,0.0,0.0
0,sz150086,0.339,0.377,0.339,65597.0,64641.0,956.0,0.0,0.0,0.0,0.0,0.0,0.0,0.0,0.0,0.0,0.0,0.0,0.0,0.0,0.0,0.0,0.0,0.0,0.0,0.0,0.0,11.0,20150826132319,-0.038,-10.08,0.339,0.339,0.339,65597.0,222.0,0.0,0.0,0.0,0.0,0.0,0.0,-1.0,-1.0,0.0,1.0,0.0,0.0
0,sz150086,0.339,0.377,0.339,65597.0,64641.0,956.0,0.0,0.0,0.0,0.0,0.0,0.0,0.0,0.0,0.0,0.0,0.0,0.0,0.0,0.0,0.0,0.0,0.0,0.0,0.0,0.0,11.0,20150826132340,-0.038,-10.08,0.339,0.339,0.339,65597.0,222.0,0.0,0.0,0.0,0.0,0.0,0.0,-1.0,-1.0,0.0,1.0,0.0,0.0
0,sz150086,0.339,0.377,0.339,65597.0,64641.0,956.0,0.0,0.0,0.0,0.0,0.0,0.0,0.0,0.0,0.0,0.0,0.0,0.0,0.0,0.0,0.0,0.0,0.0,0.0,0.0,0.0,11.0,20150826132401,-0.038,-10.08,0.339,0.339,0.339,65597.0,222.0,0.0,0.0,0.0,0.0,0.0,0.0,-1.0,-1.0,0.0,1.0,0.0,0.0
0,sz150086,0.339,0.377,0.339,65597.0,64641.0,956.0,0.0,0.0,0.0,0.0,0.0,0.0,0.0,0.0,0.0,0.0,0.0,0.0,0.0,0.0,0.0,0.0,0.0,0.0,0.0,0.0,11.0,20150826132419,-0.038,-10.08,0.339,0.339,0.339,65597.0,222.0,0.0,0.0,0.0,0.0,0.0,0.0,-1.0,-1.0,0.0,1.0,0.0,0.0
0,sz150086,0.339,0.377,0.339,65597.0,64641.0,956.0,0.0,0.0,0.0,0.0,0.0,0.0,0.0,0.0,0.0,0.0,0.0,0.0,0.0,0.0,0.0,0.0,0.0,0.0,0.0,0.0,11.0,20150826132440,-0.038,-10.08,0.339,0.339,0.339,65597.0,222.0,0.0,0.0,0.0,0.0,0.0,0.0,-1.0,-1.0,0.0,1.0,0.0,0.0
0,sz150086,0.339,0.377,0.339,65597.0,64641.0,956.0,0.0,0.0,0.0,0.0,0.0,0.0,0.0,0.0,0.0,0.0,0.0,0.0,0.0,0.0,0.0,0.0,0.0,0.0,0.0,0.0,11.0,20150826132501,-0.038,-10.08,0.339,0.339,0.339,65597.0,222.0,0.0,0.0,0.0,0.0,0.0,0.0,-1.0,-1.0,0.0,1.0,0.0,0.0
0,sz150086,0.339,0.377,0.339,65597.0,64641.0,956.0,0.0,0.0,0.0,0.0,0.0,0.0,0.0,0.0,0.0,0.0,0.0,0.0,0.0,0.0,0.0,0.0,0.0,0.0,0.0,0.0,11.0,20150826132525,-0.038,-10.08,0.339,0.339,0.339,65597.0,222.0,0.0,0.0,0.0,0.0,0.0,0.0,-1.0,-1.0,0.0,1.0,0.0,0.0
0,sz150086,0.339,0.377,0.339,65597.0,64641.0,956.0,0.0,0.0,0.0,0.0,0.0,0.0,0.0,0.0,0.0,0.0,0.0,0.0,0.0,0.0,0.0,0.0,0.0,0.0,0.0,0.0,11.0,20150826132546,-0.038,-10.08,0.339,0.339,0.339,65597.0,222.0,0.0,0.0,0.0,0.0,0.0,0.0,-1.0,-1.0,0.0,1.0,0.0,0.0
0,sz150086,0.339,0.377,0.339,65597.0,64641.0,956.0,0.0,0.0,0.0,0.0,0.0,0.0,0.0,0.0,0.0,0.0,0.0,0.0,0.0,0.0,0.0,0.0,0.0,0.0,0.0,0.0,11.0,20150826132604,-0.038,-10.08,0.339,0.339,0.339,65597.0,222.0,0.0,0.0,0.0,0.0,0.0,0.0,-1.0,-1.0,0.0,1.0,0.0,0.0
0,sz150086,0.339,0.377,0.339,65597.0,64641.0,956.0,0.0,0.0,0.0,0.0,0.0,0.0,0.0,0.0,0.0,0.0,0.0,0.0,0.0,0.0,0.0,0.0,0.0,0.0,0.0,0.0,11.0,20150826132625,-0.038,-10.08,0.339,0.339,0.339,65597.0,222.0,0.0,0.0,0.0,0.0,0.0,0.0,-1.0,-1.0,0.0,1.0,0.0,0.0
0,sz150086,0.339,0.377,0.339,65597.0,64641.0,956.0,0.0,0.0,0.0,0.0,0.0,0.0,0.0,0.0,0.0,0.0,0.0,0.0,0.0,0.0,0.0,0.0,0.0,0.0,0.0,0.0,11.0,20150826132646,-0.038,-10.08,0.339,0.339,0.339,65597.0,222.0,0.0,0.0,0.0,0.0,0.0,0.0,-1.0,-1.0,0.0,1.0,0.0,0.0
0,sz150086,0.339,0.377,0.339,65597.0,64641.0,956.0,0.0,0.0,0.0,0.0,0.0,0.0,0.0,0.0,0.0,0.0,0.0,0.0,0.0,0.0,0.0,0.0,0.0,0.0,0.0,0.0,11.0,20150826132707,-0.038,-10.08,0.339,0.339,0.339,65597.0,222.0,0.0,0.0,0.0,0.0,0.0,0.0,-1.0,-1.0,0.0,1.0,0.0,0.0
0,sz150086,0.339,0.377,0.339,65597.0,64641.0,956.0,0.0,0.0,0.0,0.0,0.0,0.0,0.0,0.0,0.0,0.0,0.0,0.0,0.0,0.0,0.0,0.0,0.0,0.0,0.0,0.0,11.0,20150826132728,-0.038,-10.08,0.339,0.339,0.339,65597.0,222.0,0.0,0.0,0.0,0.0,0.0,0.0,-1.0,-1.0,0.0,1.0,0.0,0.0
0,sz150086,0.339,0.377,0.339,65597.0,64641.0,956.0,0.0,0.0,0.0,0.0,0.0,0.0,0.0,0.0,0.0,0.0,0.0,0.0,0.0,0.0,0.0,0.0,0.0,0.0,0.0,0.0,11.0,20150826132749,-0.038,-10.08,0.339,0.339,0.339,65597.0,222.0,0.0,0.0,0.0,0.0,0.0,0.0,-1.0,-1.0,0.0,1.0,0.0,0.0
0,sz150086,0.339,0.377,0.339,65597.0,64641.0,956.0,0.0,0.0,0.0,0.0,0.0,0.0,0.0,0.0,0.0,0.0,0.0,0.0,0.0,0.0,0.0,0.0,0.0,0.0,0.0,0.0,11.0,20150826132810,-0.038,-10.08,0.339,0.339,0.339,65597.0,222.0,0.0,0.0,0.0,0.0,0.0,0.0,-1.0,-1.0,0.0,1.0,0.0,0.0
0,sz150086,0.339,0.377,0.339,65597.0,64641.0,956.0,0.0,0.0,0.0,0.0,0.0,0.0,0.0,0.0,0.0,0.0,0.0,0.0,0.0,0.0,0.0,0.0,0.0,0.0,0.0,0.0,11.0,20150826132831,-0.038,-10.08,0.339,0.339,0.339,65597.0,222.0,0.0,0.0,0.0,0.0,0.0,0.0,-1.0,-1.0,0.0,1.0,0.0,0.0
0,sz150086,0.339,0.377,0.339,65597.0,64641.0,956.0,0.0,0.0,0.0,0.0,0.0,0.0,0.0,0.0,0.0,0.0,0.0,0.0,0.0,0.0,0.0,0.0,0.0,0.0,0.0,0.0,11.0,20150826132855,-0.038,-10.08,0.339,0.339,0.339,65597.0,222.0,0.0,0.0,0.0,0.0,0.0,0.0,-1.0,-1.0,0.0,1.0,0.0,0.0
0,sz150086,0.339,0.377,0.339,65597.0,64641.0,956.0,0.0,0.0,0.0,0.0,0.0,0.0,0.0,0.0,0.0,0.0,0.0,0.0,0.0,0.0,0.0,0.0,0.0,0.0,0.0,0.0,11.0,20150826132916,-0.038,-10.08,0.339,0.339,0.339,65597.0,222.0,0.0,0.0,0.0,0.0,0.0,0.0,-1.0,-1.0,0.0,1.0,0.0,0.0
0,sz150086,0.339,0.377,0.339,65597.0,64641.0,956.0,0.0,0.0,0.0,0.0,0.0,0.0,0.0,0.0,0.0,0.0,0.0,0.0,0.0,0.0,0.0,0.0,0.0,0.0,0.0,0.0,11.0,20150826132937,-0.038,-10.08,0.339,0.339,0.339,65597.0,222.0,0.0,0.0,0.0,0.0,0.0,0.0,-1.0,-1.0,0.0,1.0,0.0,0.0
0,sz150086,0.339,0.377,0.339,65597.0,64641.0,956.0,0.0,0.0,0.0,0.0,0.0,0.0,0.0,0.0,0.0,0.0,0.0,0.0,0.0,0.0,0.0,0.0,0.0,0.0,0.0,0.0,11.0,20150826132952,-0.038,-10.08,0.339,0.339,0.339,65597.0,222.0,0.0,0.0,0.0,0.0,0.0,0.0,-1.0,-1.0,0.0,1.0,0.0,0.0
0,sz150086,0.339,0.377,0.339,65597.0,64641.0,956.0,0.0,0.0,0.0,0.0,0.0,0.0,0.0,0.0,0.0,0.0,0.0,0.0,0.0,0.0,0.0,0.0,0.0,0.0,0.0,0.0,11.0,20150826133019,-0.038,-10.08,0.339,0.339,0.339,65597.0,222.0,0.0,0.0,0.0,0.0,0.0,0.0,-1.0,-1.0,0.0,1.0,0.0,0.0
0,sz150086,0.339,0.377,0.339,65597.0,64641.0,956.0,0.0,0.0,0.0,0.0,0.0,0.0,0.0,0.0,0.0,0.0,0.0,0.0,0.0,0.0,0.0,0.0,0.0,0.0,0.0,0.0,11.0,20150826133040,-0.038,-10.08,0.339,0.339,0.339,65597.0,222.0,0.0,0.0,0.0,0.0,0.0,0.0,-1.0,-1.0,0.0,1.0,0.0,0.0
0,sz150086,0.339,0.377,0.339,65597.0,64641.0,956.0,0.0,0.0,0.0,0.0,0.0,0.0,0.0,0.0,0.0,0.0,0.0,0.0,0.0,0.0,0.0,0.0,0.0,0.0,0.0,0.0,11.0,20150826133104,-0.038,-10.08,0.339,0.339,0.339,65597.0,222.0,0.0,0.0,0.0,0.0,0.0,0.0,-1.0,-1.0,0.0,1.0,0.0,0.0
0,sz150086,0.339,0.377,0.339,65597.0,64641.0,956.0,0.0,0.0,0.0,0.0,0.0,0.0,0.0,0.0,0.0,0.0,0.0,0.0,0.0,0.0,0.0,0.0,0.0,0.0,0.0,0.0,11.0,20150826133125,-0.038,-10.08,0.339,0.339,0.339,65597.0,222.0,0.0,0.0,0.0,0.0,0.0,0.0,-1.0,-1.0,0.0,1.0,0.0,0.0
0,sz150086,0.339,0.377,0.339,65597.0,64641.0,956.0,0.0,0.0,0.0,0.0,0.0,0.0,0.0,0.0,0.0,0.0,0.0,0.0,0.0,0.0,0.0,0.0,0.0,0.0,0.0,0.0,11.0,20150826133147,-0.038,-10.08,0.339,0.339,0.339,65597.0,222.0,0.0,0.0,0.0,0.0,0.0,0.0,-1.0,-1.0,0.0,1.0,0.0,0.0
0,sz150086,0.339,0.377,0.339,65597.0,64641.0,956.0,0.0,0.0,0.0,0.0,0.0,0.0,0.0,0.0,0.0,0.0,0.0,0.0,0.0,0.0,0.0,0.0,0.0,0.0,0.0,0.0,11.0,20150826133208,-0.038,-10.08,0.339,0.339,0.339,65597.0,222.0,0.0,0.0,0.0,0.0,0.0,0.0,-1.0,-1.0,0.0,1.0,0.0,0.0
0,sz150086,0.339,0.377,0.339,65597.0,64641.0,956.0,0.0,0.0,0.0,0.0,0.0,0.0,0.0,0.0,0.0,0.0,0.0,0.0,0.0,0.0,0.0,0.0,0.0,0.0,0.0,0.0,11.0,20150826133228,-0.038,-10.08,0.339,0.339,0.339,65597.0,222.0,0.0,0.0,0.0,0.0,0.0,0.0,-1.0,-1.0,0.0,1.0,0.0,0.0
0,sz150086,0.339,0.377,0.339,65597.0,64641.0,956.0,0.0,0.0,0.0,0.0,0.0,0.0,0.0,0.0,0.0,0.0,0.0,0.0,0.0,0.0,0.0,0.0,0.0,0.0,0.0,0.0,11.0,20150826133252,-0.038,-10.08,0.339,0.339,0.339,65597.0,222.0,0.0,0.0,0.0,0.0,0.0,0.0,-1.0,-1.0,0.0,1.0,0.0,0.0
0,sz150086,0.339,0.377,0.339,65597.0,64641.0,956.0,0.0,0.0,0.0,0.0,0.0,0.0,0.0,0.0,0.0,0.0,0.0,0.0,0.0,0.0,0.0,0.0,0.0,0.0,0.0,0.0,11.0,20150826133314,-0.038,-10.08,0.339,0.339,0.339,65597.0,222.0,0.0,0.0,0.0,0.0,0.0,0.0,-1.0,-1.0,0.0,1.0,0.0,0.0
0,sz150086,0.339,0.377,0.339,65597.0,64641.0,956.0,0.0,0.0,0.0,0.0,0.0,0.0,0.0,0.0,0.0,0.0,0.0,0.0,0.0,0.0,0.0,0.0,0.0,0.0,0.0,0.0,11.0,20150826133335,-0.038,-10.08,0.339,0.339,0.339,65597.0,222.0,0.0,0.0,0.0,0.0,0.0,0.0,-1.0,-1.0,0.0,1.0,0.0,0.0
0,sz150086,0.339,0.377,0.339,65597.0,64641.0,956.0,0.0,0.0,0.0,0.0,0.0,0.0,0.0,0.0,0.0,0.0,0.0,0.0,0.0,0.0,0.0,0.0,0.0,0.0,0.0,0.0,11.0,20150826133356,-0.038,-10.08,0.339,0.339,0.339,65597.0,222.0,0.0,0.0,0.0,0.0,0.0,0.0,-1.0,-1.0,0.0,1.0,0.0,0.0
0,sz150086,0.339,0.377,0.339,65597.0,64641.0,956.0,0.0,0.0,0.0,0.0,0.0,0.0,0.0,0.0,0.0,0.0,0.0,0.0,0.0,0.0,0.0,0.0,0.0,0.0,0.0,0.0,11.0,20150826133416,-0.038,-10.08,0.339,0.339,0.339,65597.0,222.0,0.0,0.0,0.0,0.0,0.0,0.0,-1.0,-1.0,0.0,1.0,0.0,0.0
