名称,﻿代码,﻿当前价格,﻿昨收,﻿今开,﻿成交量/手,﻿外盘,﻿内盘,﻿买一价,﻿买一量/手,﻿买二价,﻿买二量/手,﻿买三价,﻿买三量/手,﻿买四价,﻿买四量/手,﻿买五价,﻿买五量/手,﻿卖一价,﻿卖一量/手,﻿卖二价,﻿卖二量/手,﻿卖三价,﻿卖三量/手,﻿卖四价,﻿卖四量/手,﻿卖五价,﻿卖五量/手,﻿最近逐笔成交,﻿时间,﻿涨跌,﻿涨跌幅,﻿最高,﻿最低,﻿价格,﻿成交量/手,﻿成交额/万,﻿换手率,﻿市盈率,﻿振幅,﻿流通市值,﻿总市值,﻿市净率,﻿涨停价,﻿跌停价,﻿买盘大单,﻿买盘小单,﻿卖盘大单,﻿卖盘小单
0,sz399330,3396.24,3492.09,3504.36,30650668.0,15325334.0,15325334.0,0.0,0.0,0.0,0.0,0.0,0.0,0.0,0.0,0.0,0.0,0.0,0.0,0.0,0.0,0.0,0.0,0.0,0.0,0.0,0.0,10.0,20150826104414,-95.85,-2.74,3529.26,3379.14,3390.47,30650668.0,3756723.0,0.0,0.0,4.3,0.0,0.0,0.0,-1.0,-1.0,0.0,0.0,0.0,0.0
0,sz399330,3398.13,3492.09,3504.36,30699880.0,15349940.0,15349940.0,0.0,0.0,0.0,0.0,0.0,0.0,0.0,0.0,0.0,0.0,0.0,0.0,0.0,0.0,0.0,0.0,0.0,0.0,0.0,0.0,10.0,20150826104429,-93.96,-2.69,3529.26,3379.14,3390.47,30699880.0,3762666.0,0.0,0.0,4.3,0.0,0.0,0.0,-1.0,-1.0,0.0,0.0,0.0,0.0
0,sz399330,3399.56,3492.09,3504.36,30758585.0,15379292.0,15379292.0,0.0,0.0,0.0,0.0,0.0,0.0,0.0,0.0,0.0,0.0,0.0,0.0,0.0,0.0,0.0,0.0,0.0,0.0,0.0,0.0,10.0,20150826104434,-92.53,-2.65,3529.26,3379.14,3390.47,30758585.0,3769231.0,0.0,0.0,4.3,0.0,0.0,0.0,-1.0,-1.0,0.0,0.0,0.0,0.0
0,sz399330,3400.67,3492.09,3504.36,30786111.0,15393056.0,15393056.0,0.0,0.0,0.0,0.0,0.0,0.0,0.0,0.0,0.0,0.0,0.0,0.0,0.0,0.0,0.0,0.0,0.0,0.0,0.0,0.0,10.0,20150826104440,-91.42,-2.62,3529.26,3379.14,3390.47,30786111.0,3772657.0,0.0,0.0,4.3,0.0,0.0,0.0,-1.0,-1.0,0.0,0.0,0.0,0.0
0,sz399330,3401.37,3492.09,3504.36,30807716.0,15403858.0,15403858.0,0.0,0.0,0.0,0.0,0.0,0.0,0.0,0.0,0.0,0.0,0.0,0.0,0.0,0.0,0.0,0.0,0.0,0.0,0.0,0.0,10.0,20150826104447,-90.72,-2.6,3529.26,3379.14,3390.47,30807716.0,3774699.0,0.0,0.0,4.3,0.0,0.0,0.0,-1.0,-1.0,0.0,0.0,0.0,0.0
0,sz399330,3401.96,3492.09,3504.36,30819237.0,15409618.0,15409618.0,0.0,0.0,0.0,0.0,0.0,0.0,0.0,0.0,0.0,0.0,0.0,0.0,0.0,0.0,0.0,0.0,0.0,0.0,0.0,0.0,10.0,20150826104450,-90.13,-2.58,3529.26,3379.14,3390.47,30819237.0,3776011.0,0.0,0.0,4.3,0.0,0.0,0.0,-1.0,-1.0,0.0,0.0,0.0,0.0
0,sz399330,3402.41,3492.09,3504.36,30846936.0,15423468.0,15423468.0,0.0,0.0,0.0,0.0,0.0,0.0,0.0,0.0,0.0,0.0,0.0,0.0,0.0,0.0,0.0,0.0,0.0,0.0,0.0,0.0,10.0,20150826104456,-89.68,-2.57,3529.26,3379.14,3390.47,30846936.0,3779155.0,0.0,0.0,4.3,0.0,0.0,0.0,-1.0,-1.0,0.0,0.0,0.0,0.0
0,sz399330,3404.46,3492.09,3504.36,30867632.0,15433816.0,15433816.0,0.0,0.0,0.0,0.0,0.0,0.0,0.0,0.0,0.0,0.0,0.0,0.0,0.0,0.0,0.0,0.0,0.0,0.0,0.0,0.0,10.0,20150826104459,-87.63,-2.51,3529.26,3379.14,3390.47,30867632.0,3781304.0,0.0,0.0,4.3,0.0,0.0,0.0,-1.0,-1.0,0.0,0.0,0.0,0.0
0,sz399330,3403.92,3492.09,3504.36,30882107.0,15441054.0,15441054.0,0.0,0.0,0.0,0.0,0.0,0.0,0.0,0.0,0.0,0.0,0.0,0.0,0.0,0.0,0.0,0.0,0.0,0.0,0.0,0.0,10.0,20150826104502,-88.17,-2.52,3529.26,3379.14,3390.47,30882107.0,3782929.0,0.0,0.0,4.3,0.0,0.0,0.0,-1.0,-1.0,0.0,0.0,0.0,0.0
0,sz399330,3405.28,3492.09,3504.36,30910382.0,15455191.0,15455191.0,0.0,0.0,0.0,0.0,0.0,0.0,0.0,0.0,0.0,0.0,0.0,0.0,0.0,0.0,0.0,0.0,0.0,0.0,0.0,0.0,10.0,20150826104507,-86.81,-2.49,3529.26,3379.14,3403.92,30910382.0,3785977.0,0.0,0.0,4.3,0.0,0.0,0.0,-1.0,-1.0,0.0,0.0,0.0,0.0
0,sz399330,3405.56,3492.09,3504.36,30926479.0,15463240.0,15463240.0,0.0,0.0,0.0,0.0,0.0,0.0,0.0,0.0,0.0,0.0,0.0,0.0,0.0,0.0,0.0,0.0,0.0,0.0,0.0,0.0,10.0,20150826104513,-86.53,-2.48,3529.26,3379.14,3403.92,30926479.0,3787684.0,0.0,0.0,4.3,0.0,0.0,0.0,-1.0,-1.0,0.0,0.0,0.0,0.0
0,sz399330,3406.52,3492.09,3504.36,30954804.0,15477402.0,15477402.0,0.0,0.0,0.0,0.0,0.0,0.0,0.0,0.0,0.0,0.0,0.0,0.0,0.0,0.0,0.0,0.0,0.0,0.0,0.0,0.0,10.0,20150826104519,-85.57,-2.45,3529.26,3379.14,3403.92,30954804.0,3791206.0,0.0,0.0,4.3,0.0,0.0,0.0,-1.0,-1.0,0.0,0.0,0.0,0.0
0,sz399330,3406.44,3492.09,3504.36,30973571.0,15486786.0,15486786.0,0.0,0.0,0.0,0.0,0.0,0.0,0.0,0.0,0.0,0.0,0.0,0.0,0.0,0.0,0.0,0.0,0.0,0.0,0.0,0.0,10.0,20150826104522,-85.66,-2.45,3529.26,3379.14,3403.92,30973571.0,3793132.0,0.0,0.0,4.3,0.0,0.0,0.0,-1.0,-1.0,0.0,0.0,0.0,0.0
0,sz399330,3406.84,3492.09,3504.36,31016948.0,15508474.0,15508474.0,0.0,0.0,0.0,0.0,0.0,0.0,0.0,0.0,0.0,0.0,0.0,0.0,0.0,0.0,0.0,0.0,0.0,0.0,0.0,0.0,10.0,20150826104528,-85.25,-2.44,3529.26,3379.14,3403.92,31016948.0,3798370.0,0.0,0.0,4.3,0.0,0.0,0.0,-1.0,-1.0,0.0,0.0,0.0,0.0
0,sz399330,3407.48,3492.09,3504.36,31031077.0,15515538.0,15515538.0,0.0,0.0,0.0,0.0,0.0,0.0,0.0,0.0,0.0,0.0,0.0,0.0,0.0,0.0,0.0,0.0,0.0,0.0,0.0,0.0,10.0,20150826104534,-84.61,-2.42,3529.26,3379.14,3403.92,31031077.0,3799925.0,0.0,0.0,4.3,0.0,0.0,0.0,-1.0,-1.0,0.0,0.0,0.0,0.0
0,sz399330,3407.84,3492.09,3504.36,31060176.0,15530088.0,15530088.0,0.0,0.0,0.0,0.0,0.0,0.0,0.0,0.0,0.0,0.0,0.0,0.0,0.0,0.0,0.0,0.0,0.0,0.0,0.0,0.0,10.0,20150826104540,-84.26,-2.41,3529.26,3379.14,3403.92,31060176.0,3802997.0,0.0,0.0,4.3,0.0,0.0,0.0,-1.0,-1.0,0.0,0.0,0.0,0.0
0,sz399330,3408.49,3492.09,3504.36,31072090.0,15536045.0,15536045.0,0.0,0.0,0.0,0.0,0.0,0.0,0.0,0.0,0.0,0.0,0.0,0.0,0.0,0.0,0.0,0.0,0.0,0.0,0.0,0.0,10.0,20150826104544,-83.61,-2.39,3529.26,3379.14,3403.92,31072090.0,3804603.0,0.0,0.0,4.3,0.0,0.0,0.0,-1.0,-1.0,0.0,0.0,0.0,0.0
0,sz399330,3407.94,3492.09,3504.36,31107882.0,15553941.0,15553941.0,0.0,0.0,0.0,0.0,0.0,0.0,0.0,0.0,0.0,0.0,0.0,0.0,0.0,0.0,0.0,0.0,0.0,0.0,0.0,0.0,10.0,20150826104550,-84.16,-2.41,3529.26,3379.14,3403.92,31107882.0,3807848.0,0.0,0.0,4.3,0.0,0.0,0.0,-1.0,-1.0,0.0,0.0,0.0,0.0
0,sz399330,3408.63,3492.09,3504.36,31122801.0,15561400.0,15561400.0,0.0,0.0,0.0,0.0,0.0,0.0,0.0,0.0,0.0,0.0,0.0,0.0,0.0,0.0,0.0,0.0,0.0,0.0,0.0,0.0,10.0,20150826104556,-83.46,-2.39,3529.26,3379.14,3403.92,31122801.0,3809239.0,0.0,0.0,4.3,0.0,0.0,0.0,-1.0,-1.0,0.0,0.0,0.0,0.0
0,sz399330,3408.34,3492.09,3504.36,31132439.0,15566220.0,15566220.0,0.0,0.0,0.0,0.0,0.0,0.0,0.0,0.0,0.0,0.0,0.0,0.0,0.0,0.0,0.0,0.0,0.0,0.0,0.0,0.0,10.0,20150826104559,-83.75,-2.4,3529.26,3379.14,3403.92,31132439.0,3810201.0,0.0,0.0,4.3,0.0,0.0,0.0,-1.0,-1.0,0.0,0.0,0.0,0.0
0,sz399330,3408.27,3492.09,3504.36,31158960.0,15579480.0,15579480.0,0.0,0.0,0.0,0.0,0.0,0.0,0.0,0.0,0.0,0.0,0.0,0.0,0.0,0.0,0.0,0.0,0.0,0.0,0.0,0.0,10.0,20150826104604,-83.82,-2.4,3529.26,3379.14,3408.34,31158960.0,3813004.0,0.0,0.0,4.3,0.0,0.0,0.0,-1.0,-1.0,0.0,0.0,0.0,0.0
0,sz399330,3408.61,3492.09,3504.36,31190028.0,15595014.0,15595014.0,0.0,0.0,0.0,0.0,0.0,0.0,0.0,0.0,0.0,0.0,0.0,0.0,0.0,0.0,0.0,0.0,0.0,0.0,0.0,0.0,10.0,20150826104611,-83.48,-2.39,3529.26,3379.14,3408.34,31190028.0,3815987.0,0.0,0.0,4.3,0.0,0.0,0.0,-1.0,-1.0,0.0,0.0,0.0,0.0
0,sz399330,3408.77,3492.09,3504.36,31198558.0,15599279.0,15599279.0,0.0,0.0,0.0,0.0,0.0,0.0,0.0,0.0,0.0,0.0,0.0,0.0,0.0,0.0,0.0,0.0,0.0,0.0,0.0,0.0,10.0,20150826104614,-83.32,-2.39,3529.26,3379.14,3408.34,31198558.0,3817009.0,0.0,0.0,4.3,0.0,0.0,0.0,-1.0,-1.0,0.0,0.0,0.0,0.0
0,sz399330,3408.32,3492.09,3504.36,31210248.0,15605124.0,15605124.0,0.0,0.0,0.0,0.0,0.0,0.0,0.0,0.0,0.0,0.0,0.0,0.0,0.0,0.0,0.0,0.0,0.0,0.0,0.0,0.0,10.0,20150826104620,-83.78,-2.4,3529.26,3379.14,3408.34,31210248.0,3818293.0,0.0,0.0,4.3,0.0,0.0,0.0,-1.0,-1.0,0.0,0.0,0.0,0.0
0,sz399330,3407.54,3492.09,3504.36,31251330.0,15625665.0,15625665.0,0.0,0.0,0.0,0.0,0.0,0.0,0.0,0.0,0.0,0.0,0.0,0.0,0.0,0.0,0.0,0.0,0.0,0.0,0.0,0.0,10.0,20150826104629,-84.55,-2.42,3529.26,3379.14,3408.34,31251330.0,3823354.0,0.0,0.0,4.3,0.0,0.0,0.0,-1.0,-1.0,0.0,0.0,0.0,0.0
0,sz399330,3406.88,3492.09,3504.36,31278574.0,15639287.0,15639287.0,0.0,0.0,0.0,0.0,0.0,0.0,0.0,0.0,0.0,0.0,0.0,0.0,0.0,0.0,0.0,0.0,0.0,0.0,0.0,0.0,10.0,20150826104632,-85.21,-2.44,3529.26,3379.14,3408.34,31278574.0,3826414.0,0.0,0.0,4.3,0.0,0.0,0.0,-1.0,-1.0,0.0,0.0,0.0,0.0
0,sz399330,3406.17,3492.09,3504.36,31288146.0,15644073.0,15644073.0,0.0,0.0,0.0,0.0,0.0,0.0,0.0,0.0,0.0,0.0,0.0,0.0,0.0,0.0,0.0,0.0,0.0,0.0,0.0,0.0,10.0,20150826104638,-85.92,-2.46,3529.26,3379.14,3408.34,31288146.0,3827482.0,0.0,0.0,4.3,0.0,0.0,0.0,-1.0,-1.0,0.0,0.0,0.0,0.0
0,sz399330,3406.9,3492.09,3504.36,31303297.0,15651648.0,15651648.0,0.0,0.0,0.0,0.0,0.0,0.0,0.0,0.0,0.0,0.0,0.0,0.0,0.0,0.0,0.0,0.0,0.0,0.0,0.0,0.0,10.0,20150826104644,-85.19,-2.44,3529.26,3379.14,3408.34,31303297.0,3828900.0,0.0,0.0,4.3,0.0,0.0,0.0,-1.0,-1.0,0.0,0.0,0.0,0.0
0,sz399330,3404.91,3492.09,3504.36,31360979.0,15680490.0,15680490.0,0.0,0.0,0.0,0.0,0.0,0.0,0.0,0.0,0.0,0.0,0.0,0.0,0.0,0.0,0.0,0.0,0.0,0.0,0.0,0.0,10.0,20150826104656,-87.18,-2.5,3529.26,3379.14,3408.34,31360979.0,3835791.0,0.0,0.0,4.3,0.0,0.0,0.0,-1.0,-1.0,0.0,0.0,0.0,0.0
0,sz399330,3404.91,3492.09,3504.36,31388682.0,15694341.0,15694341.0,0.0,0.0,0.0,0.0,0.0,0.0,0.0,0.0,0.0,0.0,0.0,0.0,0.0,0.0,0.0,0.0,0.0,0.0,0.0,0.0,10.0,20150826104702,-87.19,-2.5,3529.26,3379.14,3405.13,31388682.0,3839101.0,0.0,0.0,4.3,0.0,0.0,0.0,-1.0,-1.0,0.0,0.0,0.0,0.0
0,sz399330,3403.65,3492.09,3504.36,31406610.0,15703305.0,15703305.0,0.0,0.0,0.0,0.0,0.0,0.0,0.0,0.0,0.0,0.0,0.0,0.0,0.0,0.0,0.0,0.0,0.0,0.0,0.0,0.0,10.0,20150826104708,-88.44,-2.53,3529.26,3379.14,3405.13,31406610.0,3841251.0,0.0,0.0,4.3,0.0,0.0,0.0,-1.0,-1.0,0.0,0.0,0.0,0.0
0,sz399330,3402.61,3492.09,3504.36,31449946.0,15724973.0,15724973.0,0.0,0.0,0.0,0.0,0.0,0.0,0.0,0.0,0.0,0.0,0.0,0.0,0.0,0.0,0.0,0.0,0.0,0.0,0.0,0.0,10.0,20150826104714,-89.48,-2.56,3529.26,3379.14,3405.13,31449946.0,3846363.0,0.0,0.0,4.3,0.0,0.0,0.0,-1.0,-1.0,0.0,0.0,0.0,0.0
0,sz399330,3401.75,3492.09,3504.36,31462076.0,15731038.0,15731038.0,0.0,0.0,0.0,0.0,0.0,0.0,0.0,0.0,0.0,0.0,0.0,0.0,0.0,0.0,0.0,0.0,0.0,0.0,0.0,0.0,10.0,20150826104720,-90.34,-2.59,3529.26,3379.14,3405.13,31462076.0,3847756.0,0.0,0.0,4.3,0.0,0.0,0.0,-1.0,-1.0,0.0,0.0,0.0,0.0
0,sz399330,3401.48,3492.09,3504.36,31479536.0,15739768.0,15739768.0,0.0,0.0,0.0,0.0,0.0,0.0,0.0,0.0,0.0,0.0,0.0,0.0,0.0,0.0,0.0,0.0,0.0,0.0,0.0,0.0,10.0,20150826104726,-90.62,-2.59,3529.26,3379.14,3405.13,31479536.0,3849898.0,0.0,0.0,4.3,0.0,0.0,0.0,-1.0,-1.0,0.0,0.0,0.0,0.0
0,sz399330,3401.09,3492.09,3504.36,31486500.0,15743250.0,15743250.0,0.0,0.0,0.0,0.0,0.0,0.0,0.0,0.0,0.0,0.0,0.0,0.0,0.0,0.0,0.0,0.0,0.0,0.0,0.0,0.0,10.0,20150826104729,-91.0,-2.61,3529.26,3379.14,3405.13,31486500.0,3850655.0,0.0,0.0,4.3,0.0,0.0,0.0,-1.0,-1.0,0.0,0.0,0.0,0.0
0,sz399330,3399.46,3492.09,3504.36,31511156.0,15755578.0,15755578.0,0.0,0.0,0.0,0.0,0.0,0.0,0.0,0.0,0.0,0.0,0.0,0.0,0.0,0.0,0.0,0.0,0.0,0.0,0.0,0.0,10.0,20150826104738,-92.63,-2.65,3529.26,3379.14,3405.13,31511156.0,3853626.0,0.0,0.0,4.3,0.0,0.0,0.0,-1.0,-1.0,0.0,0.0,0.0,0.0
0,sz399330,3397.55,3492.09,3504.36,31536807.0,15768404.0,15768404.0,0.0,0.0,0.0,0.0,0.0,0.0,0.0,0.0,0.0,0.0,0.0,0.0,0.0,0.0,0.0,0.0,0.0,0.0,0.0,0.0,10.0,20150826104744,-94.54,-2.71,3529.26,3379.14,3405.13,31536807.0,3856322.0,0.0,0.0,4.3,0.0,0.0,0.0,-1.0,-1.0,0.0,0.0,0.0,0.0
0,sz399330,3398.15,3492.09,3504.36,31557719.0,15778860.0,15778860.0,0.0,0.0,0.0,0.0,0.0,0.0,0.0,0.0,0.0,0.0,0.0,0.0,0.0,0.0,0.0,0.0,0.0,0.0,0.0,0.0,10.0,20150826104747,-93.94,-2.69,3529.26,3379.14,3405.13,31557719.0,3858098.0,0.0,0.0,4.3,0.0,0.0,0.0,-1.0,-1.0,0.0,0.0,0.0,0.0
0,sz399330,3397.75,3492.09,3504.36,31569904.0,15784952.0,15784952.0,0.0,0.0,0.0,0.0,0.0,0.0,0.0,0.0,0.0,0.0,0.0,0.0,0.0,0.0,0.0,0.0,0.0,0.0,0.0,0.0,10.0,20150826104753,-94.34,-2.7,3529.26,3379.14,3405.13,31569904.0,3859558.0,0.0,0.0,4.3,0.0,0.0,0.0,-1.0,-1.0,0.0,0.0,0.0,0.0
0,sz399330,3396.33,3492.09,3504.36,31594849.0,15797424.0,15797424.0,0.0,0.0,0.0,0.0,0.0,0.0,0.0,0.0,0.0,0.0,0.0,0.0,0.0,0.0,0.0,0.0,0.0,0.0,0.0,0.0,10.0,20150826104759,-95.76,-2.74,3529.26,3379.14,3405.13,31594849.0,3862088.0,0.0,0.0,4.3,0.0,0.0,0.0,-1.0,-1.0,0.0,0.0,0.0,0.0
0,sz399330,3395.19,3492.09,3504.36,31638050.0,15819025.0,15819025.0,0.0,0.0,0.0,0.0,0.0,0.0,0.0,0.0,0.0,0.0,0.0,0.0,0.0,0.0,0.0,0.0,0.0,0.0,0.0,0.0,10.0,20150826104808,-96.9,-2.77,3529.26,3379.14,3396.33,31638050.0,3865299.0,0.0,0.0,4.3,0.0,0.0,0.0,-1.0,-1.0,0.0,0.0,0.0,0.0
0,sz399330,3395.16,3492.09,3504.36,31657017.0,15828508.0,15828508.0,0.0,0.0,0.0,0.0,0.0,0.0,0.0,0.0,0.0,0.0,0.0,0.0,0.0,0.0,0.0,0.0,0.0,0.0,0.0,0.0,10.0,20150826104814,-96.93,-2.78,3529.26,3379.14,3396.33,31657017.0,3867801.0,0.0,0.0,4.3,0.0,0.0,0.0,-1.0,-1.0,0.0,0.0,0.0,0.0
0,sz399330,3395.45,3492.09,3504.36,31666781.0,15833390.0,15833390.0,0.0,0.0,0.0,0.0,0.0,0.0,0.0,0.0,0.0,0.0,0.0,0.0,0.0,0.0,0.0,0.0,0.0,0.0,0.0,0.0,10.0,20150826104820,-96.64,-2.77,3529.26,3379.14,3396.33,31666781.0,3868918.0,0.0,0.0,4.3,0.0,0.0,0.0,-1.0,-1.0,0.0,0.0,0.0,0.0
0,sz399330,3395.17,3492.09,3504.36,31696541.0,15848270.0,15848270.0,0.0,0.0,0.0,0.0,0.0,0.0,0.0,0.0,0.0,0.0,0.0,0.0,0.0,0.0,0.0,0.0,0.0,0.0,0.0,0.0,10.0,20150826104826,-96.92,-2.78,3529.26,3379.14,3396.33,31696541.0,3872255.0,0.0,0.0,4.3,0.0,0.0,0.0,-1.0,-1.0,0.0,0.0,0.0,0.0
0,sz399330,3394.93,3492.09,3504.36,31720670.0,15860335.0,15860335.0,0.0,0.0,0.0,0.0,0.0,0.0,0.0,0.0,0.0,0.0,0.0,0.0,0.0,0.0,0.0,0.0,0.0,0.0,0.0,0.0,10.0,20150826104829,-97.16,-2.78,3529.26,3379.14,3396.33,31720670.0,3874962.0,0.0,0.0,4.3,0.0,0.0,0.0,-1.0,-1.0,0.0,0.0,0.0,0.0
0,sz399330,3394.71,3492.09,3504.36,31766191.0,15883096.0,15883096.0,0.0,0.0,0.0,0.0,0.0,0.0,0.0,0.0,0.0,0.0,0.0,0.0,0.0,0.0,0.0,0.0,0.0,0.0,0.0,0.0,10.0,20150826104841,-97.38,-2.79,3529.26,3379.14,3396.33,31766191.0,3880332.0,0.0,0.0,4.3,0.0,0.0,0.0,-1.0,-1.0,0.0,0.0,0.0,0.0
0,sz399330,3393.66,3492.09,3504.36,31782148.0,15891074.0,15891074.0,0.0,0.0,0.0,0.0,0.0,0.0,0.0,0.0,0.0,0.0,0.0,0.0,0.0,0.0,0.0,0.0,0.0,0.0,0.0,0.0,10.0,20150826104844,-98.43,-2.82,3529.26,3379.14,3396.33,31782148.0,3882371.0,0.0,0.0,4.3,0.0,0.0,0.0,-1.0,-1.0,0.0,0.0,0.0,0.0
0,sz399330,3394.72,3492.09,3504.36,31798378.0,15899189.0,15899189.0,0.0,0.0,0.0,0.0,0.0,0.0,0.0,0.0,0.0,0.0,0.0,0.0,0.0,0.0,0.0,0.0,0.0,0.0,0.0,0.0,10.0,20150826104850,-97.37,-2.79,3529.26,3379.14,3396.33,31798378.0,3883879.0,0.0,0.0,4.3,0.0,0.0,0.0,-1.0,-1.0,0.0,0.0,0.0,0.0
0,sz399330,3393.69,3492.09,3504.36,31844315.0,15922158.0,15922158.0,0.0,0.0,0.0,0.0,0.0,0.0,0.0,0.0,0.0,0.0,0.0,0.0,0.0,0.0,0.0,0.0,0.0,0.0,0.0,0.0,10.0,20150826104859,-98.4,-2.82,3529.26,3379.14,3396.33,31844315.0,3889421.0,0.0,0.0,4.3,0.0,0.0,0.0,-1.0,-1.0,0.0,0.0,0.0,0.0
0,sz399330,3392.9,3492.09,3504.36,31864941.0,15932470.0,15932470.0,0.0,0.0,0.0,0.0,0.0,0.0,0.0,0.0,0.0,0.0,0.0,0.0,0.0,0.0,0.0,0.0,0.0,0.0,0.0,0.0,10.0,20150826104902,-99.19,-2.84,3529.26,3379.14,3393.1,31864941.0,3891815.0,0.0,0.0,4.3,0.0,0.0,0.0,-1.0,-1.0,0.0,0.0,0.0,0.0
0,sz399330,3392.62,3492.09,3504.36,31875234.0,15937617.0,15937617.0,0.0,0.0,0.0,0.0,0.0,0.0,0.0,0.0,0.0,0.0,0.0,0.0,0.0,0.0,0.0,0.0,0.0,0.0,0.0,0.0,10.0,20150826104911,-99.47,-2.85,3529.26,3379.14,3393.1,31875234.0,3892934.0,0.0,0.0,4.3,0.0,0.0,0.0,-1.0,-1.0,0.0,0.0,0.0,0.0
0,sz399330,3392.85,3492.09,3504.36,31895556.0,15947778.0,15947778.0,0.0,0.0,0.0,0.0,0.0,0.0,0.0,0.0,0.0,0.0,0.0,0.0,0.0,0.0,0.0,0.0,0.0,0.0,0.0,0.0,10.0,20150826104917,-99.24,-2.84,3529.26,3379.14,3393.1,31895556.0,3894972.0,0.0,0.0,4.3,0.0,0.0,0.0,-1.0,-1.0,0.0,0.0,0.0,0.0
0,sz399330,3392.89,3492.09,3504.36,31926192.0,15963096.0,15963096.0,0.0,0.0,0.0,0.0,0.0,0.0,0.0,0.0,0.0,0.0,0.0,0.0,0.0,0.0,0.0,0.0,0.0,0.0,0.0,0.0,10.0,20150826104923,-99.2,-2.84,3529.26,3379.14,3393.1,31926192.0,3897747.0,0.0,0.0,4.3,0.0,0.0,0.0,-1.0,-1.0,0.0,0.0,0.0,0.0
0,sz399330,3393.26,3492.09,3504.36,31945502.0,15972751.0,15972751.0,0.0,0.0,0.0,0.0,0.0,0.0,0.0,0.0,0.0,0.0,0.0,0.0,0.0,0.0,0.0,0.0,0.0,0.0,0.0,0.0,10.0,20150826104932,-98.83,-2.83,3529.26,3379.14,3393.1,31945502.0,3899828.0,0.0,0.0,4.3,0.0,0.0,0.0,-1.0,-1.0,0.0,0.0,0.0,0.0
0,sz399330,3393.29,3492.09,3504.36,31961050.0,15980525.0,15980525.0,0.0,0.0,0.0,0.0,0.0,0.0,0.0,0.0,0.0,0.0,0.0,0.0,0.0,0.0,0.0,0.0,0.0,0.0,0.0,0.0,10.0,20150826104938,-98.8,-2.83,3529.26,3379.14,3393.1,31961050.0,3901721.0,0.0,0.0,4.3,0.0,0.0,0.0,-1.0,-1.0,0.0,0.0,0.0,0.0
0,sz399330,3393.94,3492.09,3504.36,31992447.0,15996224.0,15996224.0,0.0,0.0,0.0,0.0,0.0,0.0,0.0,0.0,0.0,0.0,0.0,0.0,0.0,0.0,0.0,0.0,0.0,0.0,0.0,0.0,10.0,20150826104944,-98.15,-2.81,3529.26,3379.14,3393.1,31992447.0,3905560.0,0.0,0.0,4.3,0.0,0.0,0.0,-1.0,-1.0,0.0,0.0,0.0,0.0
0,sz399330,3395.11,3492.09,3504.36,32027191.0,16013596.0,16013596.0,0.0,0.0,0.0,0.0,0.0,0.0,0.0,0.0,0.0,0.0,0.0,0.0,0.0,0.0,0.0,0.0,0.0,0.0,0.0,0.0,10.0,20150826104953,-96.98,-2.78,3529.26,3379.14,3393.1,32027191.0,3909380.0,0.0,0.0,4.3,0.0,0.0,0.0,-1.0,-1.0,0.0,0.0,0.0,0.0
0,sz399330,3395.3,3492.09,3504.36,32039083.0,16019542.0,16019542.0,0.0,0.0,0.0,0.0,0.0,0.0,0.0,0.0,0.0,0.0,0.0,0.0,0.0,0.0,0.0,0.0,0.0,0.0,0.0,0.0,10.0,20150826104959,-96.8,-2.77,3529.26,3379.14,3393.1,32039083.0,3910921.0,0.0,0.0,4.3,0.0,0.0,0.0,-1.0,-1.0,0.0,0.0,0.0,0.0
0,sz399330,3399.74,3492.09,3504.36,32111735.0,16055868.0,16055868.0,0.0,0.0,0.0,0.0,0.0,0.0,0.0,0.0,0.0,0.0,0.0,0.0,0.0,0.0,0.0,0.0,0.0,0.0,0.0,0.0,10.0,20150826105008,-92.35,-2.64,3529.26,3379.14,3396.8,32111735.0,3919229.0,0.0,0.0,4.3,0.0,0.0,0.0,-1.0,-1.0,0.0,0.0,0.0,0.0
0,sz399330,3400.81,3492.09,3504.36,32151672.0,16075836.0,16075836.0,0.0,0.0,0.0,0.0,0.0,0.0,0.0,0.0,0.0,0.0,0.0,0.0,0.0,0.0,0.0,0.0,0.0,0.0,0.0,0.0,10.0,20150826105017,-91.28,-2.61,3529.26,3379.14,3396.8,32151672.0,3923262.0,0.0,0.0,4.3,0.0,0.0,0.0,-1.0,-1.0,0.0,0.0,0.0,0.0
0,sz399330,3401.06,3492.09,3504.36,32171711.0,16085856.0,16085856.0,0.0,0.0,0.0,0.0,0.0,0.0,0.0,0.0,0.0,0.0,0.0,0.0,0.0,0.0,0.0,0.0,0.0,0.0,0.0,0.0,10.0,20150826105023,-91.03,-2.61,3529.26,3379.14,3396.8,32171711.0,3925383.0,0.0,0.0,4.3,0.0,0.0,0.0,-1.0,-1.0,0.0,0.0,0.0,0.0
0,sz399330,3402.92,3492.09,3504.36,32214678.0,16107339.0,16107339.0,0.0,0.0,0.0,0.0,0.0,0.0,0.0,0.0,0.0,0.0,0.0,0.0,0.0,0.0,0.0,0.0,0.0,0.0,0.0,0.0,10.0,20150826105032,-89.18,-2.55,3529.26,3379.14,3396.8,32214678.0,3930868.0,0.0,0.0,4.3,0.0,0.0,0.0,-1.0,-1.0,0.0,0.0,0.0,0.0
0,sz399330,3404.83,3492.09,3504.36,32246998.0,16123499.0,16123499.0,0.0,0.0,0.0,0.0,0.0,0.0,0.0,0.0,0.0,0.0,0.0,0.0,0.0,0.0,0.0,0.0,0.0,0.0,0.0,0.0,10.0,20150826105038,-87.26,-2.5,3529.26,3379.14,3396.8,32246998.0,3934397.0,0.0,0.0,4.3,0.0,0.0,0.0,-1.0,-1.0,0.0,0.0,0.0,0.0
0,sz399330,3406.2,3492.09,3504.36,32287419.0,16143710.0,16143710.0,0.0,0.0,0.0,0.0,0.0,0.0,0.0,0.0,0.0,0.0,0.0,0.0,0.0,0.0,0.0,0.0,0.0,0.0,0.0,0.0,10.0,20150826105047,-85.89,-2.46,3529.26,3379.14,3396.8,32287419.0,3938369.0,0.0,0.0,4.3,0.0,0.0,0.0,-1.0,-1.0,0.0,0.0,0.0,0.0
0,sz399330,3408.42,3492.09,3504.36,32319886.0,16159943.0,16159943.0,0.0,0.0,0.0,0.0,0.0,0.0,0.0,0.0,0.0,0.0,0.0,0.0,0.0,0.0,0.0,0.0,0.0,0.0,0.0,0.0,10.0,20150826105053,-83.68,-2.4,3529.26,3379.14,3396.8,32319886.0,3942638.0,0.0,0.0,4.3,0.0,0.0,0.0,-1.0,-1.0,0.0,0.0,0.0,0.0
0,sz399330,3410.16,3492.09,3504.36,32342620.0,16171310.0,16171310.0,0.0,0.0,0.0,0.0,0.0,0.0,0.0,0.0,0.0,0.0,0.0,0.0,0.0,0.0,0.0,0.0,0.0,0.0,0.0,0.0,10.0,20150826105059,-81.94,-2.35,3529.26,3379.14,3396.8,32342620.0,3945301.0,0.0,0.0,4.3,0.0,0.0,0.0,-1.0,-1.0,0.0,0.0,0.0,0.0
0,sz399330,3410.37,3492.09,3504.36,32356294.0,16178147.0,16178147.0,0.0,0.0,0.0,0.0,0.0,0.0,0.0,0.0,0.0,0.0,0.0,0.0,0.0,0.0,0.0,0.0,0.0,0.0,0.0,0.0,10.0,20150826105108,-81.73,-2.34,3529.26,3379.14,3410.16,32356294.0,3946690.0,0.0,0.0,4.3,0.0,0.0,0.0,-1.0,-1.0,0.0,0.0,0.0,0.0
0,sz399330,3412.75,3492.09,3504.36,32394236.0,16197118.0,16197118.0,0.0,0.0,0.0,0.0,0.0,0.0,0.0,0.0,0.0,0.0,0.0,0.0,0.0,0.0,0.0,0.0,0.0,0.0,0.0,0.0,10.0,20150826105114,-79.34,-2.27,3529.26,3379.14,3410.16,32394236.0,3951039.0,0.0,0.0,4.3,0.0,0.0,0.0,-1.0,-1.0,0.0,0.0,0.0,0.0
0,sz399330,3415.9,3492.09,3504.36,32427018.0,16213509.0,16213509.0,0.0,0.0,0.0,0.0,0.0,0.0,0.0,0.0,0.0,0.0,0.0,0.0,0.0,0.0,0.0,0.0,0.0,0.0,0.0,0.0,10.0,20150826105123,-76.19,-2.18,3529.26,3379.14,3410.16,32427018.0,3955140.0,0.0,0.0,4.3,0.0,0.0,0.0,-1.0,-1.0,0.0,0.0,0.0,0.0
0,sz399330,3416.47,3492.09,3504.36,32454622.0,16227311.0,16227311.0,0.0,0.0,0.0,0.0,0.0,0.0,0.0,0.0,0.0,0.0,0.0,0.0,0.0,0.0,0.0,0.0,0.0,0.0,0.0,0.0,10.0,20150826105132,-75.62,-2.17,3529.26,3379.14,3410.16,32454622.0,3958254.0,0.0,0.0,4.3,0.0,0.0,0.0,-1.0,-1.0,0.0,0.0,0.0,0.0
0,sz399330,3417.46,3492.09,3504.36,32476838.0,16238419.0,16238419.0,0.0,0.0,0.0,0.0,0.0,0.0,0.0,0.0,0.0,0.0,0.0,0.0,0.0,0.0,0.0,0.0,0.0,0.0,0.0,0.0,10.0,20150826105138,-74.63,-2.14,3529.26,3379.14,3410.16,32476838.0,3960913.0,0.0,0.0,4.3,0.0,0.0,0.0,-1.0,-1.0,0.0,0.0,0.0,0.0
0,sz399330,3419.8,3492.09,3504.36,32520996.0,16260498.0,16260498.0,0.0,0.0,0.0,0.0,0.0,0.0,0.0,0.0,0.0,0.0,0.0,0.0,0.0,0.0,0.0,0.0,0.0,0.0,0.0,0.0,10.0,20150826105147,-72.3,-2.07,3529.26,3379.14,3410.16,32520996.0,3966009.0,0.0,0.0,4.3,0.0,0.0,0.0,-1.0,-1.0,0.0,0.0,0.0,0.0
0,sz399330,3420.28,3492.09,3504.36,32547777.0,16273888.0,16273888.0,0.0,0.0,0.0,0.0,0.0,0.0,0.0,0.0,0.0,0.0,0.0,0.0,0.0,0.0,0.0,0.0,0.0,0.0,0.0,0.0,10.0,20150826105153,-71.81,-2.06,3529.26,3379.14,3410.16,32547777.0,3968730.0,0.0,0.0,4.3,0.0,0.0,0.0,-1.0,-1.0,0.0,0.0,0.0,0.0
0,sz399330,3423.31,3492.09,3504.36,32564774.0,16282387.0,16282387.0,0.0,0.0,0.0,0.0,0.0,0.0,0.0,0.0,0.0,0.0,0.0,0.0,0.0,0.0,0.0,0.0,0.0,0.0,0.0,0.0,10.0,20150826105202,-68.78,-1.97,3529.26,3379.14,3422.28,32564774.0,3971206.0,0.0,0.0,4.3,0.0,0.0,0.0,-1.0,-1.0,0.0,0.0,0.0,0.0
0,sz399330,3426.87,3492.09,3504.36,32602404.0,16301202.0,16301202.0,0.0,0.0,0.0,0.0,0.0,0.0,0.0,0.0,0.0,0.0,0.0,0.0,0.0,0.0,0.0,0.0,0.0,0.0,0.0,0.0,10.0,20150826105208,-65.23,-1.87,3529.26,3379.14,3422.28,32602404.0,3976102.0,0.0,0.0,4.3,0.0,0.0,0.0,-1.0,-1.0,0.0,0.0,0.0,0.0
0,sz399330,3426.17,3492.09,3504.36,32613607.0,16306804.0,16306804.0,0.0,0.0,0.0,0.0,0.0,0.0,0.0,0.0,0.0,0.0,0.0,0.0,0.0,0.0,0.0,0.0,0.0,0.0,0.0,0.0,10.0,20150826105217,-65.92,-1.89,3529.26,3379.14,3422.28,32613607.0,3978146.0,0.0,0.0,4.3,0.0,0.0,0.0,-1.0,-1.0,0.0,0.0,0.0,0.0
0,sz399330,3427.26,3492.09,3504.36,32629227.0,16314614.0,16314614.0,0.0,0.0,0.0,0.0,0.0,0.0,0.0,0.0,0.0,0.0,0.0,0.0,0.0,0.0,0.0,0.0,0.0,0.0,0.0,0.0,10.0,20150826105223,-64.83,-1.86,3529.26,3379.14,3422.28,32629227.0,3979620.0,0.0,0.0,4.3,0.0,0.0,0.0,-1.0,-1.0,0.0,0.0,0.0,0.0
0,sz399330,3427.44,3492.09,3504.36,32681198.0,16340599.0,16340599.0,0.0,0.0,0.0,0.0,0.0,0.0,0.0,0.0,0.0,0.0,0.0,0.0,0.0,0.0,0.0,0.0,0.0,0.0,0.0,0.0,10.0,20150826105232,-64.66,-1.85,3529.26,3379.14,3422.28,32681198.0,3986090.0,0.0,0.0,4.3,0.0,0.0,0.0,-1.0,-1.0,0.0,0.0,0.0,0.0
0,sz399330,3428.95,3492.09,3504.36,32708229.0,16354114.0,16354114.0,0.0,0.0,0.0,0.0,0.0,0.0,0.0,0.0,0.0,0.0,0.0,0.0,0.0,0.0,0.0,0.0,0.0,0.0,0.0,0.0,10.0,20150826105241,-63.14,-1.81,3529.26,3379.14,3422.28,32708229.0,3989191.0,0.0,0.0,4.3,0.0,0.0,0.0,-1.0,-1.0,0.0,0.0,0.0,0.0
0,sz399330,3429.82,3492.09,3504.36,32732782.0,16366391.0,16366391.0,0.0,0.0,0.0,0.0,0.0,0.0,0.0,0.0,0.0,0.0,0.0,0.0,0.0,0.0,0.0,0.0,0.0,0.0,0.0,0.0,10.0,20150826105250,-62.27,-1.78,3529.26,3379.14,3422.28,32732782.0,3992880.0,0.0,0.0,4.3,0.0,0.0,0.0,-1.0,-1.0,0.0,0.0,0.0,0.0
0,sz399330,3430.59,3492.09,3504.36,32769661.0,16384830.0,16384830.0,0.0,0.0,0.0,0.0,0.0,0.0,0.0,0.0,0.0,0.0,0.0,0.0,0.0,0.0,0.0,0.0,0.0,0.0,0.0,0.0,10.0,20150826105259,-61.5,-1.76,3529.26,3379.14,3422.28,32769661.0,3997032.0,0.0,0.0,4.3,0.0,0.0,0.0,-1.0,-1.0,0.0,0.0,0.0,0.0
0,sz399330,3430.87,3492.09,3504.36,32791609.0,16395804.0,16395804.0,0.0,0.0,0.0,0.0,0.0,0.0,0.0,0.0,0.0,0.0,0.0,0.0,0.0,0.0,0.0,0.0,0.0,0.0,0.0,0.0,10.0,20150826105305,-61.22,-1.75,3529.26,3379.14,3430.14,32791609.0,3999784.0,0.0,0.0,4.3,0.0,0.0,0.0,-1.0,-1.0,0.0,0.0,0.0,0.0
0,sz399330,3431.5,3492.09,3504.36,32814247.0,16407124.0,16407124.0,0.0,0.0,0.0,0.0,0.0,0.0,0.0,0.0,0.0,0.0,0.0,0.0,0.0,0.0,0.0,0.0,0.0,0.0,0.0,0.0,10.0,20150826105314,-60.59,-1.74,3529.26,3379.14,3430.14,32814247.0,4002923.0,0.0,0.0,4.3,0.0,0.0,0.0,-1.0,-1.0,0.0,0.0,0.0,0.0
0,sz399330,3431.04,3492.09,3504.36,32850296.0,16425148.0,16425148.0,0.0,0.0,0.0,0.0,0.0,0.0,0.0,0.0,0.0,0.0,0.0,0.0,0.0,0.0,0.0,0.0,0.0,0.0,0.0,0.0,10.0,20150826105320,-61.05,-1.75,3529.26,3379.14,3430.14,32850296.0,4007829.0,0.0,0.0,4.3,0.0,0.0,0.0,-1.0,-1.0,0.0,0.0,0.0,0.0
0,sz399330,3430.89,3492.09,3504.36,32878853.0,16439426.0,16439426.0,0.0,0.0,0.0,0.0,0.0,0.0,0.0,0.0,0.0,0.0,0.0,0.0,0.0,0.0,0.0,0.0,0.0,0.0,0.0,0.0,10.0,20150826105332,-61.2,-1.75,3529.26,3379.14,3430.14,32878853.0,4011780.0,0.0,0.0,4.3,0.0,0.0,0.0,-1.0,-1.0,0.0,0.0,0.0,0.0
0,sz399330,3430.44,3492.09,3504.36,32901008.0,16450504.0,16450504.0,0.0,0.0,0.0,0.0,0.0,0.0,0.0,0.0,0.0,0.0,0.0,0.0,0.0,0.0,0.0,0.0,0.0,0.0,0.0,0.0,10.0,20150826105338,-61.65,-1.77,3529.26,3379.14,3430.14,32901008.0,4014726.0,0.0,0.0,4.3,0.0,0.0,0.0,-1.0,-1.0,0.0,0.0,0.0,0.0
0,sz399330,3428.92,3492.09,3504.36,32926810.0,16463405.0,16463405.0,0.0,0.0,0.0,0.0,0.0,0.0,0.0,0.0,0.0,0.0,0.0,0.0,0.0,0.0,0.0,0.0,0.0,0.0,0.0,0.0,10.0,20150826105347,-63.17,-1.81,3529.26,3379.14,3430.14,32926810.0,4017845.0,0.0,0.0,4.3,0.0,0.0,0.0,-1.0,-1.0,0.0,0.0,0.0,0.0
0,sz399330,3429.41,3492.09,3504.36,32956397.0,16478198.0,16478198.0,0.0,0.0,0.0,0.0,0.0,0.0,0.0,0.0,0.0,0.0,0.0,0.0,0.0,0.0,0.0,0.0,0.0,0.0,0.0,0.0,10.0,20150826105356,-62.69,-1.8,3529.26,3379.14,3430.14,32956397.0,4021542.0,0.0,0.0,4.3,0.0,0.0,0.0,-1.0,-1.0,0.0,0.0,0.0,0.0
0,sz399330,3427.72,3492.09,3504.36,32981435.0,16490718.0,16490718.0,0.0,0.0,0.0,0.0,0.0,0.0,0.0,0.0,0.0,0.0,0.0,0.0,0.0,0.0,0.0,0.0,0.0,0.0,0.0,0.0,10.0,20150826105405,-64.37,-1.84,3529.26,3379.14,3428.76,32981435.0,4024368.0,0.0,0.0,4.3,0.0,0.0,0.0,-1.0,-1.0,0.0,0.0,0.0,0.0
0,sz399330,3425.89,3492.09,3504.36,33013743.0,16506872.0,16506872.0,0.0,0.0,0.0,0.0,0.0,0.0,0.0,0.0,0.0,0.0,0.0,0.0,0.0,0.0,0.0,0.0,0.0,0.0,0.0,0.0,10.0,20150826105414,-66.2,-1.9,3529.26,3379.14,3428.76,33013743.0,4027433.0,0.0,0.0,4.3,0.0,0.0,0.0,-1.0,-1.0,0.0,0.0,0.0,0.0
0,sz399330,3425.32,3492.09,3504.36,33031178.0,16515589.0,16515589.0,0.0,0.0,0.0,0.0,0.0,0.0,0.0,0.0,0.0,0.0,0.0,0.0,0.0,0.0,0.0,0.0,0.0,0.0,0.0,0.0,10.0,20150826105420,-66.77,-1.91,3529.26,3379.14,3428.76,33031178.0,4029848.0,0.0,0.0,4.3,0.0,0.0,0.0,-1.0,-1.0,0.0,0.0,0.0,0.0
0,sz399330,3424.59,3492.09,3504.36,33048265.0,16524132.0,16524132.0,0.0,0.0,0.0,0.0,0.0,0.0,0.0,0.0,0.0,0.0,0.0,0.0,0.0,0.0,0.0,0.0,0.0,0.0,0.0,0.0,10.0,20150826105429,-67.5,-1.93,3529.26,3379.14,3428.76,33048265.0,4032069.0,0.0,0.0,4.3,0.0,0.0,0.0,-1.0,-1.0,0.0,0.0,0.0,0.0
0,sz399330,3424.5,3492.09,3504.36,33071588.0,16535794.0,16535794.0,0.0,0.0,0.0,0.0,0.0,0.0,0.0,0.0,0.0,0.0,0.0,0.0,0.0,0.0,0.0,0.0,0.0,0.0,0.0,0.0,10.0,20150826105438,-67.59,-1.94,3529.26,3379.14,3428.76,33071588.0,4035092.0,0.0,0.0,4.3,0.0,0.0,0.0,-1.0,-1.0,0.0,0.0,0.0,0.0
0,sz399330,3423.4,3492.09,3504.36,33097078.0,16548539.0,16548539.0,0.0,0.0,0.0,0.0,0.0,0.0,0.0,0.0,0.0,0.0,0.0,0.0,0.0,0.0,0.0,0.0,0.0,0.0,0.0,0.0,10.0,20150826105447,-68.7,-1.97,3529.26,3379.14,3428.76,33097078.0,4038345.0,0.0,0.0,4.3,0.0,0.0,0.0,-1.0,-1.0,0.0,0.0,0.0,0.0
0,sz399330,3423.57,3492.09,3504.36,33103771.0,16551886.0,16551886.0,0.0,0.0,0.0,0.0,0.0,0.0,0.0,0.0,0.0,0.0,0.0,0.0,0.0,0.0,0.0,0.0,0.0,0.0,0.0,0.0,10.0,20150826105456,-68.52,-1.96,3529.26,3379.14,3428.76,33103771.0,4039196.0,0.0,0.0,4.3,0.0,0.0,0.0,-1.0,-1.0,0.0,0.0,0.0,0.0
0,sz399330,3423.64,3492.09,3504.36,33132558.0,16566279.0,16566279.0,0.0,0.0,0.0,0.0,0.0,0.0,0.0,0.0,0.0,0.0,0.0,0.0,0.0,0.0,0.0,0.0,0.0,0.0,0.0,0.0,10.0,20150826105505,-68.45,-1.96,3529.26,3379.14,3423.2,33132558.0,4043127.0,0.0,0.0,4.3,0.0,0.0,0.0,-1.0,-1.0,0.0,0.0,0.0,0.0
0,sz399330,3424.43,3492.09,3504.36,33159578.0,16579789.0,16579789.0,0.0,0.0,0.0,0.0,0.0,0.0,0.0,0.0,0.0,0.0,0.0,0.0,0.0,0.0,0.0,0.0,0.0,0.0,0.0,0.0,10.0,20150826105514,-67.66,-1.94,3529.26,3379.14,3423.2,33159578.0,4047467.0,0.0,0.0,4.3,0.0,0.0,0.0,-1.0,-1.0,0.0,0.0,0.0,0.0
0,sz399330,3427.68,3492.09,3504.36,33205565.0,16602782.0,16602782.0,0.0,0.0,0.0,0.0,0.0,0.0,0.0,0.0,0.0,0.0,0.0,0.0,0.0,0.0,0.0,0.0,0.0,0.0,0.0,0.0,10.0,20150826105523,-64.41,-1.84,3529.26,3379.14,3423.2,33205565.0,4053547.0,0.0,0.0,4.3,0.0,0.0,0.0,-1.0,-1.0,0.0,0.0,0.0,0.0
0,sz399330,3429.88,3492.09,3504.36,33251271.0,16625636.0,16625636.0,0.0,0.0,0.0,0.0,0.0,0.0,0.0,0.0,0.0,0.0,0.0,0.0,0.0,0.0,0.0,0.0,0.0,0.0,0.0,0.0,10.0,20150826105529,-62.22,-1.78,3529.26,3379.14,3423.2,33251271.0,4059536.0,0.0,0.0,4.3,0.0,0.0,0.0,-1.0,-1.0,0.0,0.0,0.0,0.0
0,sz399330,3432.86,3492.09,3504.36,33285356.0,16642678.0,16642678.0,0.0,0.0,0.0,0.0,0.0,0.0,0.0,0.0,0.0,0.0,0.0,0.0,0.0,0.0,0.0,0.0,0.0,0.0,0.0,0.0,10.0,20150826105541,-59.23,-1.7,3529.26,3379.14,3423.2,33285356.0,4063949.0,0.0,0.0,4.3,0.0,0.0,0.0,-1.0,-1.0,0.0,0.0,0.0,0.0
0,sz399330,3435.32,3492.09,3504.36,33339879.0,16669940.0,16669940.0,0.0,0.0,0.0,0.0,0.0,0.0,0.0,0.0,0.0,0.0,0.0,0.0,0.0,0.0,0.0,0.0,0.0,0.0,0.0,0.0,10.0,20150826105550,-56.77,-1.63,3529.26,3379.14,3423.2,33339879.0,4071640.0,0.0,0.0,4.3,0.0,0.0,0.0,-1.0,-1.0,0.0,0.0,0.0,0.0
0,sz399330,3438.38,3492.09,3504.36,33387247.0,16693624.0,16693624.0,0.0,0.0,0.0,0.0,0.0,0.0,0.0,0.0,0.0,0.0,0.0,0.0,0.0,0.0,0.0,0.0,0.0,0.0,0.0,0.0,10.0,20150826105559,-53.71,-1.54,3529.26,3379.14,3423.2,33387247.0,4078119.0,0.0,0.0,4.3,0.0,0.0,0.0,-1.0,-1.0,0.0,0.0,0.0,0.0
0,sz399330,3441.06,3492.09,3504.36,33441989.0,16720994.0,16720994.0,0.0,0.0,0.0,0.0,0.0,0.0,0.0,0.0,0.0,0.0,0.0,0.0,0.0,0.0,0.0,0.0,0.0,0.0,0.0,0.0,10.0,20150826105608,-51.03,-1.46,3529.26,3379.14,3438.38,33441989.0,4085110.0,0.0,0.0,4.3,0.0,0.0,0.0,-1.0,-1.0,0.0,0.0,0.0,0.0
0,sz399330,3443.09,3492.09,3504.36,33479661.0,16739830.0,16739830.0,0.0,0.0,0.0,0.0,0.0,0.0,0.0,0.0,0.0,0.0,0.0,0.0,0.0,0.0,0.0,0.0,0.0,0.0,0.0,0.0,10.0,20150826105617,-49.01,-1.4,3529.26,3379.14,3438.38,33479661.0,4090040.0,0.0,0.0,4.3,0.0,0.0,0.0,-1.0,-1.0,0.0,0.0,0.0,0.0
0,sz399330,3446.09,3492.09,3504.36,33539786.0,16769893.0,16769893.0,0.0,0.0,0.0,0.0,0.0,0.0,0.0,0.0,0.0,0.0,0.0,0.0,0.0,0.0,0.0,0.0,0.0,0.0,0.0,0.0,10.0,20150826105626,-46.01,-1.32,3529.26,3379.14,3438.38,33539786.0,4099406.0,0.0,0.0,4.3,0.0,0.0,0.0,-1.0,-1.0,0.0,0.0,0.0,0.0
0,sz399330,3449.41,3492.09,3504.36,33613100.0,16806550.0,16806550.0,0.0,0.0,0.0,0.0,0.0,0.0,0.0,0.0,0.0,0.0,0.0,0.0,0.0,0.0,0.0,0.0,0.0,0.0,0.0,0.0,10.0,20150826105635,-42.68,-1.22,3529.26,3379.14,3438.38,33613100.0,4110271.0,0.0,0.0,4.3,0.0,0.0,0.0,-1.0,-1.0,0.0,0.0,0.0,0.0
0,sz399330,3450.6,3492.09,3504.36,33673413.0,16836706.0,16836706.0,0.0,0.0,0.0,0.0,0.0,0.0,0.0,0.0,0.0,0.0,0.0,0.0,0.0,0.0,0.0,0.0,0.0,0.0,0.0,0.0,10.0,20150826105644,-41.49,-1.19,3529.26,3379.14,3438.38,33673413.0,4118840.0,0.0,0.0,4.3,0.0,0.0,0.0,-1.0,-1.0,0.0,0.0,0.0,0.0
0,sz399330,3453.17,3492.09,3504.36,33701318.0,16850660.0,16850660.0,0.0,0.0,0.0,0.0,0.0,0.0,0.0,0.0,0.0,0.0,0.0,0.0,0.0,0.0,0.0,0.0,0.0,0.0,0.0,0.0,10.0,20150826105653,-38.92,-1.11,3529.26,3379.14,3438.38,33701318.0,4123250.0,0.0,0.0,4.3,0.0,0.0,0.0,-1.0,-1.0,0.0,0.0,0.0,0.0
0,sz399330,3453.85,3492.09,3504.36,33747130.0,16873564.0,16873564.0,0.0,0.0,0.0,0.0,0.0,0.0,0.0,0.0,0.0,0.0,0.0,0.0,0.0,0.0,0.0,0.0,0.0,0.0,0.0,0.0,10.0,20150826105702,-38.24,-1.1,3529.26,3379.14,3438.38,33747130.0,4130697.0,0.0,0.0,4.3,0.0,0.0,0.0,-1.0,-1.0,0.0,0.0,0.0,0.0
0,sz399330,3455.84,3492.09,3504.36,33801432.0,16900716.0,16900716.0,0.0,0.0,0.0,0.0,0.0,0.0,0.0,0.0,0.0,0.0,0.0,0.0,0.0,0.0,0.0,0.0,0.0,0.0,0.0,0.0,10.0,20150826105711,-36.25,-1.04,3529.26,3379.14,3453.85,33801432.0,4137485.0,0.0,0.0,4.3,0.0,0.0,0.0,-1.0,-1.0,0.0,0.0,0.0,0.0
0,sz399330,3457.37,3492.09,3504.36,33852286.0,16926144.0,16926144.0,0.0,0.0,0.0,0.0,0.0,0.0,0.0,0.0,0.0,0.0,0.0,0.0,0.0,0.0,0.0,0.0,0.0,0.0,0.0,0.0,10.0,20150826105720,-34.72,-0.99,3529.26,3379.14,3453.85,33852286.0,4146945.0,0.0,0.0,4.3,0.0,0.0,0.0,-1.0,-1.0,0.0,0.0,0.0,0.0
0,sz399330,3458.42,3492.09,3504.36,33897259.0,16948630.0,16948630.0,0.0,0.0,0.0,0.0,0.0,0.0,0.0,0.0,0.0,0.0,0.0,0.0,0.0,0.0,0.0,0.0,0.0,0.0,0.0,0.0,10.0,20150826105732,-33.67,-0.96,3529.26,3379.14,3453.85,33897259.0,4152560.0,0.0,0.0,4.3,0.0,0.0,0.0,-1.0,-1.0,0.0,0.0,0.0,0.0
0,sz399330,3460.04,3492.09,3504.36,33921358.0,16960680.0,16960680.0,0.0,0.0,0.0,0.0,0.0,0.0,0.0,0.0,0.0,0.0,0.0,0.0,0.0,0.0,0.0,0.0,0.0,0.0,0.0,0.0,10.0,20150826105741,-32.05,-0.92,3529.26,3379.14,3453.85,33921358.0,4156383.0,0.0,0.0,4.3,0.0,0.0,0.0,-1.0,-1.0,0.0,0.0,0.0,0.0
0,sz399330,3461.51,3492.09,3504.36,33985579.0,16992790.0,16992790.0,0.0,0.0,0.0,0.0,0.0,0.0,0.0,0.0,0.0,0.0,0.0,0.0,0.0,0.0,0.0,0.0,0.0,0.0,0.0,0.0,10.0,20150826105750,-30.58,-0.88,3529.26,3379.14,3453.85,33985579.0,4166561.0,0.0,0.0,4.3,0.0,0.0,0.0,-1.0,-1.0,0.0,0.0,0.0,0.0
0,sz399330,3462.43,3492.09,3504.36,34033819.0,17016910.0,17016910.0,0.0,0.0,0.0,0.0,0.0,0.0,0.0,0.0,0.0,0.0,0.0,0.0,0.0,0.0,0.0,0.0,0.0,0.0,0.0,0.0,10.0,20150826105756,-29.67,-0.85,3529.26,3379.14,3453.85,34033819.0,4174870.0,0.0,0.0,4.3,0.0,0.0,0.0,-1.0,-1.0,0.0,0.0,0.0,0.0
0,sz399330,3463.82,3492.09,3504.36,34058277.0,17029138.0,17029138.0,0.0,0.0,0.0,0.0,0.0,0.0,0.0,0.0,0.0,0.0,0.0,0.0,0.0,0.0,0.0,0.0,0.0,0.0,0.0,0.0,10.0,20150826105808,-28.28,-0.81,3529.26,3379.14,3463.81,34058277.0,4178793.0,0.0,0.0,4.3,0.0,0.0,0.0,-1.0,-1.0,0.0,0.0,0.0,0.0
0,sz399330,3464.89,3492.09,3504.36,34115175.0,17057588.0,17057588.0,0.0,0.0,0.0,0.0,0.0,0.0,0.0,0.0,0.0,0.0,0.0,0.0,0.0,0.0,0.0,0.0,0.0,0.0,0.0,0.0,10.0,20150826105817,-27.21,-0.78,3529.26,3379.14,3463.81,34115175.0,4185956.0,0.0,0.0,4.3,0.0,0.0,0.0,-1.0,-1.0,0.0,0.0,0.0,0.0
0,sz399330,3465.33,3492.09,3504.36,34160209.0,17080104.0,17080104.0,0.0,0.0,0.0,0.0,0.0,0.0,0.0,0.0,0.0,0.0,0.0,0.0,0.0,0.0,0.0,0.0,0.0,0.0,0.0,0.0,10.0,20150826105826,-26.76,-0.77,3529.26,3379.14,3463.81,34160209.0,4192256.0,0.0,0.0,4.3,0.0,0.0,0.0,-1.0,-1.0,0.0,0.0,0.0,0.0
0,sz399330,3465.44,3492.09,3504.36,34198985.0,17099492.0,17099492.0,0.0,0.0,0.0,0.0,0.0,0.0,0.0,0.0,0.0,0.0,0.0,0.0,0.0,0.0,0.0,0.0,0.0,0.0,0.0,0.0,10.0,20150826105835,-26.66,-0.76,3529.26,3379.14,3463.81,34198985.0,4197982.0,0.0,0.0,4.3,0.0,0.0,0.0,-1.0,-1.0,0.0,0.0,0.0,0.0
0,sz399330,3465.1,3492.09,3504.36,34248516.0,17124258.0,17124258.0,0.0,0.0,0.0,0.0,0.0,0.0,0.0,0.0,0.0,0.0,0.0,0.0,0.0,0.0,0.0,0.0,0.0,0.0,0.0,0.0,10.0,20150826105847,-26.99,-0.77,3529.26,3379.14,3463.81,34248516.0,4205383.0,0.0,0.0,4.3,0.0,0.0,0.0,-1.0,-1.0,0.0,0.0,0.0,0.0
0,sz399330,3463.46,3492.09,3504.36,34288334.0,17144168.0,17144168.0,0.0,0.0,0.0,0.0,0.0,0.0,0.0,0.0,0.0,0.0,0.0,0.0,0.0,0.0,0.0,0.0,0.0,0.0,0.0,0.0,10.0,20150826105856,-28.63,-0.82,3529.26,3379.14,3463.81,34288334.0,4211867.0,0.0,0.0,4.3,0.0,0.0,0.0,-1.0,-1.0,0.0,0.0,0.0,0.0
0,sz399330,3465.04,3492.09,3504.36,34338907.0,17169454.0,17169454.0,0.0,0.0,0.0,0.0,0.0,0.0,0.0,0.0,0.0,0.0,0.0,0.0,0.0,0.0,0.0,0.0,0.0,0.0,0.0,0.0,10.0,20150826105905,-27.05,-0.77,3529.26,3379.14,3464.02,34338907.0,4217528.0,0.0,0.0,4.3,0.0,0.0,0.0,-1.0,-1.0,0.0,0.0,0.0,0.0
0,sz399330,3461.57,3492.09,3504.36,34395336.0,17197668.0,17197668.0,0.0,0.0,0.0,0.0,0.0,0.0,0.0,0.0,0.0,0.0,0.0,0.0,0.0,0.0,0.0,0.0,0.0,0.0,0.0,0.0,10.0,20150826105914,-30.52,-0.87,3529.26,3379.14,3464.02,34395336.0,4225503.0,0.0,0.0,4.3,0.0,0.0,0.0,-1.0,-1.0,0.0,0.0,0.0,0.0
0,sz399330,3459.48,3492.09,3504.36,34448972.0,17224486.0,17224486.0,0.0,0.0,0.0,0.0,0.0,0.0,0.0,0.0,0.0,0.0,0.0,0.0,0.0,0.0,0.0,0.0,0.0,0.0,0.0,0.0,10.0,20150826105926,-32.62,-0.93,3529.26,3379.14,3464.02,34448972.0,4232114.0,0.0,0.0,4.3,0.0,0.0,0.0,-1.0,-1.0,0.0,0.0,0.0,0.0
0,sz399330,3457.98,3492.09,3504.36,34482681.0,17241340.0,17241340.0,0.0,0.0,0.0,0.0,0.0,0.0,0.0,0.0,0.0,0.0,0.0,0.0,0.0,0.0,0.0,0.0,0.0,0.0,0.0,0.0,10.0,20150826105935,-34.11,-0.98,3529.26,3379.14,3464.02,34482681.0,4237150.0,0.0,0.0,4.3,0.0,0.0,0.0,-1.0,-1.0,0.0,0.0,0.0,0.0
0,sz399330,3455.56,3492.09,3504.36,34507097.0,17253548.0,17253548.0,0.0,0.0,0.0,0.0,0.0,0.0,0.0,0.0,0.0,0.0,0.0,0.0,0.0,0.0,0.0,0.0,0.0,0.0,0.0,0.0,10.0,20150826105945,-36.53,-1.05,3529.26,3379.14,3464.02,34507097.0,4240452.0,0.0,0.0,4.3,0.0,0.0,0.0,-1.0,-1.0,0.0,0.0,0.0,0.0
0,sz399330,3453.68,3492.09,3504.36,34544071.0,17272036.0,17272036.0,0.0,0.0,0.0,0.0,0.0,0.0,0.0,0.0,0.0,0.0,0.0,0.0,0.0,0.0,0.0,0.0,0.0,0.0,0.0,0.0,10.0,20150826105956,-38.41,-1.1,3529.26,3379.14,3464.02,34544071.0,4245140.0,0.0,0.0,4.3,0.0,0.0,0.0,-1.0,-1.0,0.0,0.0,0.0,0.0
0,sz399330,3451.03,3492.09,3504.36,34573792.0,17286896.0,17286896.0,0.0,0.0,0.0,0.0,0.0,0.0,0.0,0.0,0.0,0.0,0.0,0.0,0.0,0.0,0.0,0.0,0.0,0.0,0.0,0.0,11.0,20150826110005,-41.06,-1.18,3529.26,3379.14,3451.51,34573792.0,4248682.0,0.0,0.0,4.3,0.0,0.0,0.0,-1.0,-1.0,0.0,0.0,0.0,0.0
0,sz399330,3450.14,3492.09,3504.36,34598059.0,17299030.0,17299030.0,0.0,0.0,0.0,0.0,0.0,0.0,0.0,0.0,0.0,0.0,0.0,0.0,0.0,0.0,0.0,0.0,0.0,0.0,0.0,0.0,11.0,20150826110015,-41.96,-1.2,3529.26,3379.14,3451.51,34598059.0,4252015.0,0.0,0.0,4.3,0.0,0.0,0.0,-1.0,-1.0,0.0,0.0,0.0,0.0
0,sz399330,3445.89,3492.09,3504.36,34650532.0,17325266.0,17325266.0,0.0,0.0,0.0,0.0,0.0,0.0,0.0,0.0,0.0,0.0,0.0,0.0,0.0,0.0,0.0,0.0,0.0,0.0,0.0,0.0,11.0,20150826110035,-46.21,-1.32,3529.26,3379.14,3451.51,34650532.0,4259238.0,0.0,0.0,4.3,0.0,0.0,0.0,-1.0,-1.0,0.0,0.0,0.0,0.0
0,sz399330,3443.86,3492.09,3504.36,34684884.0,17342442.0,17342442.0,0.0,0.0,0.0,0.0,0.0,0.0,0.0,0.0,0.0,0.0,0.0,0.0,0.0,0.0,0.0,0.0,0.0,0.0,0.0,0.0,11.0,20150826110045,-48.23,-1.38,3529.26,3379.14,3451.51,34684884.0,4264602.0,0.0,0.0,4.3,0.0,0.0,0.0,-1.0,-1.0,0.0,0.0,0.0,0.0
0,sz399330,3443.74,3492.09,3504.36,34709274.0,17354636.0,17354636.0,0.0,0.0,0.0,0.0,0.0,0.0,0.0,0.0,0.0,0.0,0.0,0.0,0.0,0.0,0.0,0.0,0.0,0.0,0.0,0.0,11.0,20150826110056,-48.36,-1.38,3529.26,3379.14,3451.51,34709274.0,4268116.0,0.0,0.0,4.3,0.0,0.0,0.0,-1.0,-1.0,0.0,0.0,0.0,0.0
0,sz399330,3441.92,3492.09,3504.36,34729921.0,17364960.0,17364960.0,0.0,0.0,0.0,0.0,0.0,0.0,0.0,0.0,0.0,0.0,0.0,0.0,0.0,0.0,0.0,0.0,0.0,0.0,0.0,0.0,11.0,20150826110106,-50.17,-1.44,3529.26,3379.14,3443.74,34729921.0,4271174.0,0.0,0.0,4.3,0.0,0.0,0.0,-1.0,-1.0,0.0,0.0,0.0,0.0
0,sz399330,3441.8,3492.09,3504.36,34755770.0,17377884.0,17377884.0,0.0,0.0,0.0,0.0,0.0,0.0,0.0,0.0,0.0,0.0,0.0,0.0,0.0,0.0,0.0,0.0,0.0,0.0,0.0,0.0,11.0,20150826110115,-50.29,-1.44,3529.26,3379.14,3443.74,34755770.0,4274836.0,0.0,0.0,4.3,0.0,0.0,0.0,-1.0,-1.0,0.0,0.0,0.0,0.0
0,sz399330,3440.42,3492.09,3504.36,34777111.0,17388556.0,17388556.0,0.0,0.0,0.0,0.0,0.0,0.0,0.0,0.0,0.0,0.0,0.0,0.0,0.0,0.0,0.0,0.0,0.0,0.0,0.0,0.0,11.0,20150826110129,-51.67,-1.48,3529.26,3379.14,3443.74,34777111.0,4277965.0,0.0,0.0,4.3,0.0,0.0,0.0,-1.0,-1.0,0.0,0.0,0.0,0.0
0,sz399330,3439.16,3492.09,3504.36,34809041.0,17404520.0,17404520.0,0.0,0.0,0.0,0.0,0.0,0.0,0.0,0.0,0.0,0.0,0.0,0.0,0.0,0.0,0.0,0.0,0.0,0.0,0.0,0.0,11.0,20150826110138,-52.93,-1.52,3529.26,3379.14,3443.74,34809041.0,4283251.0,0.0,0.0,4.3,0.0,0.0,0.0,-1.0,-1.0,0.0,0.0,0.0,0.0
0,sz399330,3439.73,3492.09,3504.36,34823633.0,17411816.0,17411816.0,0.0,0.0,0.0,0.0,0.0,0.0,0.0,0.0,0.0,0.0,0.0,0.0,0.0,0.0,0.0,0.0,0.0,0.0,0.0,0.0,11.0,20150826110145,-52.37,-1.5,3529.26,3379.14,3443.74,34823633.0,4284997.0,0.0,0.0,4.3,0.0,0.0,0.0,-1.0,-1.0,0.0,0.0,0.0,0.0
0,sz399330,3442.15,3492.09,3504.36,34870058.0,17435028.0,17435028.0,0.0,0.0,0.0,0.0,0.0,0.0,0.0,0.0,0.0,0.0,0.0,0.0,0.0,0.0,0.0,0.0,0.0,0.0,0.0,0.0,11.0,20150826110157,-49.94,-1.43,3529.26,3379.14,3443.74,34870058.0,4292176.0,0.0,0.0,4.3,0.0,0.0,0.0,-1.0,-1.0,0.0,0.0,0.0,0.0
0,sz399330,3440.48,3492.09,3504.36,34897422.0,17448712.0,17448712.0,0.0,0.0,0.0,0.0,0.0,0.0,0.0,0.0,0.0,0.0,0.0,0.0,0.0,0.0,0.0,0.0,0.0,0.0,0.0,0.0,11.0,20150826110206,-51.61,-1.48,3529.26,3379.14,3442.15,34897422.0,4296308.0,0.0,0.0,4.3,0.0,0.0,0.0,-1.0,-1.0,0.0,0.0,0.0,0.0
0,sz399330,3441.56,3492.09,3504.36,34952684.0,17476342.0,17476342.0,0.0,0.0,0.0,0.0,0.0,0.0,0.0,0.0,0.0,0.0,0.0,0.0,0.0,0.0,0.0,0.0,0.0,0.0,0.0,0.0,11.0,20150826110221,-50.54,-1.45,3529.26,3379.14,3442.15,34952684.0,4305651.0,0.0,0.0,4.3,0.0,0.0,0.0,-1.0,-1.0,0.0,0.0,0.0,0.0
0,sz399330,3442.36,3492.09,3504.36,34978625.0,17489312.0,17489312.0,0.0,0.0,0.0,0.0,0.0,0.0,0.0,0.0,0.0,0.0,0.0,0.0,0.0,0.0,0.0,0.0,0.0,0.0,0.0,0.0,11.0,20150826110232,-49.73,-1.42,3529.26,3379.14,3442.15,34978625.0,4308782.0,0.0,0.0,4.3,0.0,0.0,0.0,-1.0,-1.0,0.0,0.0,0.0,0.0
0,sz399330,3441.97,3492.09,3504.36,34995896.0,17497948.0,17497948.0,0.0,0.0,0.0,0.0,0.0,0.0,0.0,0.0,0.0,0.0,0.0,0.0,0.0,0.0,0.0,0.0,0.0,0.0,0.0,0.0,11.0,20150826110242,-50.12,-1.44,3529.26,3379.14,3442.15,34995896.0,4311275.0,0.0,0.0,4.3,0.0,0.0,0.0,-1.0,-1.0,0.0,0.0,0.0,0.0
0,sz399330,3443.16,3492.09,3504.36,35029992.0,17514996.0,17514996.0,0.0,0.0,0.0,0.0,0.0,0.0,0.0,0.0,0.0,0.0,0.0,0.0,0.0,0.0,0.0,0.0,0.0,0.0,0.0,0.0,11.0,20150826110253,-48.94,-1.4,3529.26,3379.14,3442.15,35029992.0,4315307.0,0.0,0.0,4.3,0.0,0.0,0.0,-1.0,-1.0,0.0,0.0,0.0,0.0
0,sz399330,3445.65,3492.09,3504.36,35047186.0,17523592.0,17523592.0,0.0,0.0,0.0,0.0,0.0,0.0,0.0,0.0,0.0,0.0,0.0,0.0,0.0,0.0,0.0,0.0,0.0,0.0,0.0,0.0,11.0,20150826110303,-46.45,-1.33,3529.26,3379.14,3444.08,35047186.0,4317758.0,0.0,0.0,4.3,0.0,0.0,0.0,-1.0,-1.0,0.0,0.0,0.0,0.0
0,sz399330,3445.61,3492.09,3504.36,35070762.0,17535380.0,17535380.0,0.0,0.0,0.0,0.0,0.0,0.0,0.0,0.0,0.0,0.0,0.0,0.0,0.0,0.0,0.0,0.0,0.0,0.0,0.0,0.0,11.0,20150826110315,-46.49,-1.33,3529.26,3379.14,3444.08,35070762.0,4320606.0,0.0,0.0,4.3,0.0,0.0,0.0,-1.0,-1.0,0.0,0.0,0.0,0.0
0,sz399330,3447.5,3492.09,3504.36,35092051.0,17546026.0,17546026.0,0.0,0.0,0.0,0.0,0.0,0.0,0.0,0.0,0.0,0.0,0.0,0.0,0.0,0.0,0.0,0.0,0.0,0.0,0.0,0.0,11.0,20150826110327,-44.59,-1.28,3529.26,3379.14,3444.08,35092051.0,4323499.0,0.0,0.0,4.3,0.0,0.0,0.0,-1.0,-1.0,0.0,0.0,0.0,0.0
0,sz399330,3448.41,3492.09,3504.36,35112776.0,17556388.0,17556388.0,0.0,0.0,0.0,0.0,0.0,0.0,0.0,0.0,0.0,0.0,0.0,0.0,0.0,0.0,0.0,0.0,0.0,0.0,0.0,0.0,11.0,20150826110335,-43.68,-1.25,3529.26,3379.14,3444.08,35112776.0,4326479.0,0.0,0.0,4.3,0.0,0.0,0.0,-1.0,-1.0,0.0,0.0,0.0,0.0
0,sz399330,3449.56,3492.09,3504.36,35131698.0,17565848.0,17565848.0,0.0,0.0,0.0,0.0,0.0,0.0,0.0,0.0,0.0,0.0,0.0,0.0,0.0,0.0,0.0,0.0,0.0,0.0,0.0,0.0,11.0,20150826110347,-42.53,-1.22,3529.26,3379.14,3444.08,35131698.0,4328609.0,0.0,0.0,4.3,0.0,0.0,0.0,-1.0,-1.0,0.0,0.0,0.0,0.0
0,sz399330,3449.54,3492.09,3504.36,35159914.0,17579956.0,17579956.0,0.0,0.0,0.0,0.0,0.0,0.0,0.0,0.0,0.0,0.0,0.0,0.0,0.0,0.0,0.0,0.0,0.0,0.0,0.0,0.0,11.0,20150826110400,-42.55,-1.22,3529.26,3379.14,3444.08,35159914.0,4332321.0,0.0,0.0,4.3,0.0,0.0,0.0,-1.0,-1.0,0.0,0.0,0.0,0.0
0,sz399330,3450.59,3492.09,3504.36,35191259.0,17595630.0,17595630.0,0.0,0.0,0.0,0.0,0.0,0.0,0.0,0.0,0.0,0.0,0.0,0.0,0.0,0.0,0.0,0.0,0.0,0.0,0.0,0.0,11.0,20150826110414,-41.5,-1.19,3529.26,3379.14,3449.54,35191259.0,4336407.0,0.0,0.0,4.3,0.0,0.0,0.0,-1.0,-1.0,0.0,0.0,0.0,0.0
0,sz399330,3450.65,3492.09,3504.36,35210176.0,17605088.0,17605088.0,0.0,0.0,0.0,0.0,0.0,0.0,0.0,0.0,0.0,0.0,0.0,0.0,0.0,0.0,0.0,0.0,0.0,0.0,0.0,0.0,11.0,20150826110424,-41.44,-1.19,3529.26,3379.14,3449.54,35210176.0,4338971.0,0.0,0.0,4.3,0.0,0.0,0.0,-1.0,-1.0,0.0,0.0,0.0,0.0
0,sz399330,3450.81,3492.09,3504.36,35232574.0,17616288.0,17616288.0,0.0,0.0,0.0,0.0,0.0,0.0,0.0,0.0,0.0,0.0,0.0,0.0,0.0,0.0,0.0,0.0,0.0,0.0,0.0,0.0,11.0,20150826110432,-41.28,-1.18,3529.26,3379.14,3449.54,35232574.0,4341967.0,0.0,0.0,4.3,0.0,0.0,0.0,-1.0,-1.0,0.0,0.0,0.0,0.0
0,sz399330,3450.03,3492.09,3504.36,35260996.0,17630498.0,17630498.0,0.0,0.0,0.0,0.0,0.0,0.0,0.0,0.0,0.0,0.0,0.0,0.0,0.0,0.0,0.0,0.0,0.0,0.0,0.0,0.0,11.0,20150826110444,-42.06,-1.2,3529.26,3379.14,3449.54,35260996.0,4345238.0,0.0,0.0,4.3,0.0,0.0,0.0,-1.0,-1.0,0.0,0.0,0.0,0.0
0,sz399330,3450.51,3492.09,3504.36,35280610.0,17640304.0,17640304.0,0.0,0.0,0.0,0.0,0.0,0.0,0.0,0.0,0.0,0.0,0.0,0.0,0.0,0.0,0.0,0.0,0.0,0.0,0.0,0.0,11.0,20150826110459,-41.58,-1.19,3529.26,3379.14,3449.54,35280610.0,4347766.0,0.0,0.0,4.3,0.0,0.0,0.0,-1.0,-1.0,0.0,0.0,0.0,0.0
0,sz399330,3449.61,3492.09,3504.36,35302422.0,17651212.0,17651212.0,0.0,0.0,0.0,0.0,0.0,0.0,0.0,0.0,0.0,0.0,0.0,0.0,0.0,0.0,0.0,0.0,0.0,0.0,0.0,0.0,11.0,20150826110509,-42.48,-1.22,3529.26,3379.14,3450.51,35302422.0,4350385.0,0.0,0.0,4.3,0.0,0.0,0.0,-1.0,-1.0,0.0,0.0,0.0,0.0
0,sz399330,3447.98,3492.09,3504.36,35329211.0,17664606.0,17664606.0,0.0,0.0,0.0,0.0,0.0,0.0,0.0,0.0,0.0,0.0,0.0,0.0,0.0,0.0,0.0,0.0,0.0,0.0,0.0,0.0,11.0,20150826110521,-44.11,-1.26,3529.26,3379.14,3450.51,35329211.0,4353870.0,0.0,0.0,4.3,0.0,0.0,0.0,-1.0,-1.0,0.0,0.0,0.0,0.0
0,sz399330,3446.3,3492.09,3504.36,35345558.0,17672780.0,17672780.0,0.0,0.0,0.0,0.0,0.0,0.0,0.0,0.0,0.0,0.0,0.0,0.0,0.0,0.0,0.0,0.0,0.0,0.0,0.0,0.0,11.0,20150826110532,-45.79,-1.31,3529.26,3379.14,3450.51,35345558.0,4356062.0,0.0,0.0,4.3,0.0,0.0,0.0,-1.0,-1.0,0.0,0.0,0.0,0.0
0,sz399330,3445.46,3492.09,3504.36,35363568.0,17681784.0,17681784.0,0.0,0.0,0.0,0.0,0.0,0.0,0.0,0.0,0.0,0.0,0.0,0.0,0.0,0.0,0.0,0.0,0.0,0.0,0.0,0.0,11.0,20150826110541,-46.64,-1.34,3529.26,3379.14,3450.51,35363568.0,4358416.0,0.0,0.0,4.3,0.0,0.0,0.0,-1.0,-1.0,0.0,0.0,0.0,0.0
0,sz399330,3443.53,3492.09,3504.36,35393238.0,17696620.0,17696620.0,0.0,0.0,0.0,0.0,0.0,0.0,0.0,0.0,0.0,0.0,0.0,0.0,0.0,0.0,0.0,0.0,0.0,0.0,0.0,0.0,11.0,20150826110557,-48.56,-1.39,3529.26,3379.14,3450.51,35393238.0,4362553.0,0.0,0.0,4.3,0.0,0.0,0.0,-1.0,-1.0,0.0,0.0,0.0,0.0
0,sz399330,3439.43,3492.09,3504.36,35431593.0,17715796.0,17715796.0,0.0,0.0,0.0,0.0,0.0,0.0,0.0,0.0,0.0,0.0,0.0,0.0,0.0,0.0,0.0,0.0,0.0,0.0,0.0,0.0,11.0,20150826110606,-52.67,-1.51,3529.26,3379.14,3443.53,35431593.0,4367574.0,0.0,0.0,4.3,0.0,0.0,0.0,-1.0,-1.0,0.0,0.0,0.0,0.0
0,sz399330,3440.14,3492.09,3504.36,35452318.0,17726160.0,17726160.0,0.0,0.0,0.0,0.0,0.0,0.0,0.0,0.0,0.0,0.0,0.0,0.0,0.0,0.0,0.0,0.0,0.0,0.0,0.0,0.0,11.0,20150826110621,-51.95,-1.49,3529.26,3379.14,3443.53,35452318.0,4370158.0,0.0,0.0,4.3,0.0,0.0,0.0,-1.0,-1.0,0.0,0.0,0.0,0.0
0,sz399330,3435.01,3492.09,3504.36,35491076.0,17745538.0,17745538.0,0.0,0.0,0.0,0.0,0.0,0.0,0.0,0.0,0.0,0.0,0.0,0.0,0.0,0.0,0.0,0.0,0.0,0.0,0.0,0.0,11.0,20150826110630,-57.08,-1.63,3529.26,3379.14,3443.53,35491076.0,4374833.0,0.0,0.0,4.3,0.0,0.0,0.0,-1.0,-1.0,0.0,0.0,0.0,0.0
0,sz399330,3437.47,3492.09,3504.36,35522284.0,17761142.0,17761142.0,0.0,0.0,0.0,0.0,0.0,0.0,0.0,0.0,0.0,0.0,0.0,0.0,0.0,0.0,0.0,0.0,0.0,0.0,0.0,0.0,11.0,20150826110645,-54.62,-1.56,3529.26,3379.14,3443.53,35522284.0,4378955.0,0.0,0.0,4.3,0.0,0.0,0.0,-1.0,-1.0,0.0,0.0,0.0,0.0
0,sz399330,3435.0,3492.09,3504.36,35549274.0,17774636.0,17774636.0,0.0,0.0,0.0,0.0,0.0,0.0,0.0,0.0,0.0,0.0,0.0,0.0,0.0,0.0,0.0,0.0,0.0,0.0,0.0,0.0,11.0,20150826110654,-57.09,-1.63,3529.26,3379.14,3443.53,35549274.0,4382978.0,0.0,0.0,4.3,0.0,0.0,0.0,-1.0,-1.0,0.0,0.0,0.0,0.0
0,sz399330,3434.85,3492.09,3504.36,35571419.0,17785710.0,17785710.0,0.0,0.0,0.0,0.0,0.0,0.0,0.0,0.0,0.0,0.0,0.0,0.0,0.0,0.0,0.0,0.0,0.0,0.0,0.0,0.0,11.0,20150826110709,-57.24,-1.64,3529.26,3379.14,3434.71,35571419.0,4385591.0,0.0,0.0,4.3,0.0,0.0,0.0,-1.0,-1.0,0.0,0.0,0.0,0.0
0,sz399330,3434.02,3492.09,3504.36,35596328.0,17798164.0,17798164.0,0.0,0.0,0.0,0.0,0.0,0.0,0.0,0.0,0.0,0.0,0.0,0.0,0.0,0.0,0.0,0.0,0.0,0.0,0.0,0.0,11.0,20150826110718,-58.08,-1.66,3529.26,3379.14,3434.71,35596328.0,4388803.0,0.0,0.0,4.3,0.0,0.0,0.0,-1.0,-1.0,0.0,0.0,0.0,0.0
0,sz399330,3434.07,3492.09,3504.36,35616053.0,17808026.0,17808026.0,0.0,0.0,0.0,0.0,0.0,0.0,0.0,0.0,0.0,0.0,0.0,0.0,0.0,0.0,0.0,0.0,0.0,0.0,0.0,0.0,11.0,20150826110730,-58.02,-1.66,3529.26,3379.14,3434.71,35616053.0,4391476.0,0.0,0.0,4.3,0.0,0.0,0.0,-1.0,-1.0,0.0,0.0,0.0,0.0
0,sz399330,3432.34,3492.09,3504.36,35650036.0,17825018.0,17825018.0,0.0,0.0,0.0,0.0,0.0,0.0,0.0,0.0,0.0,0.0,0.0,0.0,0.0,0.0,0.0,0.0,0.0,0.0,0.0,0.0,11.0,20150826110745,-59.75,-1.71,3529.26,3379.14,3434.71,35650036.0,4396334.0,0.0,0.0,4.3,0.0,0.0,0.0,-1.0,-1.0,0.0,0.0,0.0,0.0
0,sz399330,3432.36,3492.09,3504.36,35665931.0,17832966.0,17832966.0,0.0,0.0,0.0,0.0,0.0,0.0,0.0,0.0,0.0,0.0,0.0,0.0,0.0,0.0,0.0,0.0,0.0,0.0,0.0,0.0,11.0,20150826110757,-59.73,-1.71,3529.26,3379.14,3434.71,35665931.0,4398498.0,0.0,0.0,4.3,0.0,0.0,0.0,-1.0,-1.0,0.0,0.0,0.0,0.0
0,sz399330,3432.13,3492.09,3504.36,35688371.0,17844186.0,17844186.0,0.0,0.0,0.0,0.0,0.0,0.0,0.0,0.0,0.0,0.0,0.0,0.0,0.0,0.0,0.0,0.0,0.0,0.0,0.0,0.0,11.0,20150826110809,-59.96,-1.72,3529.26,3379.14,3432.43,35688371.0,4401284.0,0.0,0.0,4.3,0.0,0.0,0.0,-1.0,-1.0,0.0,0.0,0.0,0.0
0,sz399330,3432.52,3492.09,3504.36,35701216.0,17850608.0,17850608.0,0.0,0.0,0.0,0.0,0.0,0.0,0.0,0.0,0.0,0.0,0.0,0.0,0.0,0.0,0.0,0.0,0.0,0.0,0.0,0.0,11.0,20150826110821,-59.57,-1.71,3529.26,3379.14,3432.43,35701216.0,4403221.0,0.0,0.0,4.3,0.0,0.0,0.0,-1.0,-1.0,0.0,0.0,0.0,0.0
0,sz399330,3433.79,3492.09,3504.36,35737192.0,17868596.0,17868596.0,0.0,0.0,0.0,0.0,0.0,0.0,0.0,0.0,0.0,0.0,0.0,0.0,0.0,0.0,0.0,0.0,0.0,0.0,0.0,0.0,11.0,20150826110833,-58.3,-1.67,3529.26,3379.14,3432.43,35737192.0,4407968.0,0.0,0.0,4.3,0.0,0.0,0.0,-1.0,-1.0,0.0,0.0,0.0,0.0
0,sz399330,3434.6,3492.09,3504.36,35753195.0,17876598.0,17876598.0,0.0,0.0,0.0,0.0,0.0,0.0,0.0,0.0,0.0,0.0,0.0,0.0,0.0,0.0,0.0,0.0,0.0,0.0,0.0,0.0,11.0,20150826110845,-57.49,-1.65,3529.26,3379.14,3432.43,35753195.0,4410302.0,0.0,0.0,4.3,0.0,0.0,0.0,-1.0,-1.0,0.0,0.0,0.0,0.0
0,sz399330,3436.49,3492.09,3504.36,35791422.0,17895712.0,17895712.0,0.0,0.0,0.0,0.0,0.0,0.0,0.0,0.0,0.0,0.0,0.0,0.0,0.0,0.0,0.0,0.0,0.0,0.0,0.0,0.0,11.0,20150826110857,-55.6,-1.59,3529.26,3379.14,3432.43,35791422.0,4415136.0,0.0,0.0,4.3,0.0,0.0,0.0,-1.0,-1.0,0.0,0.0,0.0,0.0
0,sz399330,3438.62,3492.09,3504.36,35815927.0,17907964.0,17907964.0,0.0,0.0,0.0,0.0,0.0,0.0,0.0,0.0,0.0,0.0,0.0,0.0,0.0,0.0,0.0,0.0,0.0,0.0,0.0,0.0,11.0,20150826110909,-53.48,-1.53,3529.26,3379.14,3437.08,35815927.0,4418247.0,0.0,0.0,4.3,0.0,0.0,0.0,-1.0,-1.0,0.0,0.0,0.0,0.0
0,sz399330,3444.48,3492.09,3504.36,35864093.0,17932046.0,17932046.0,0.0,0.0,0.0,0.0,0.0,0.0,0.0,0.0,0.0,0.0,0.0,0.0,0.0,0.0,0.0,0.0,0.0,0.0,0.0,0.0,11.0,20150826110924,-47.61,-1.36,3529.26,3379.14,3437.08,35864093.0,4424798.0,0.0,0.0,4.3,0.0,0.0,0.0,-1.0,-1.0,0.0,0.0,0.0,0.0
0,sz399330,3444.78,3492.09,3504.36,35892032.0,17946016.0,17946016.0,0.0,0.0,0.0,0.0,0.0,0.0,0.0,0.0,0.0,0.0,0.0,0.0,0.0,0.0,0.0,0.0,0.0,0.0,0.0,0.0,11.0,20150826110933,-47.31,-1.35,3529.26,3379.14,3437.08,35892032.0,4428435.0,0.0,0.0,4.3,0.0,0.0,0.0,-1.0,-1.0,0.0,0.0,0.0,0.0
0,sz399330,3449.67,3492.09,3504.36,35932367.0,17966184.0,17966184.0,0.0,0.0,0.0,0.0,0.0,0.0,0.0,0.0,0.0,0.0,0.0,0.0,0.0,0.0,0.0,0.0,0.0,0.0,0.0,0.0,11.0,20150826110945,-42.42,-1.21,3529.26,3379.14,3437.08,35932367.0,4433919.0,0.0,0.0,4.3,0.0,0.0,0.0,-1.0,-1.0,0.0,0.0,0.0,0.0
0,sz399330,3451.77,3492.09,3504.36,35957165.0,17978582.0,17978582.0,0.0,0.0,0.0,0.0,0.0,0.0,0.0,0.0,0.0,0.0,0.0,0.0,0.0,0.0,0.0,0.0,0.0,0.0,0.0,0.0,11.0,20150826110957,-40.32,-1.15,3529.26,3379.14,3437.08,35957165.0,4437260.0,0.0,0.0,4.3,0.0,0.0,0.0,-1.0,-1.0,0.0,0.0,0.0,0.0
0,sz399330,3454.49,3492.09,3504.36,35995070.0,17997536.0,17997536.0,0.0,0.0,0.0,0.0,0.0,0.0,0.0,0.0,0.0,0.0,0.0,0.0,0.0,0.0,0.0,0.0,0.0,0.0,0.0,0.0,11.0,20150826111012,-37.6,-1.08,3529.26,3379.14,3451.77,35995070.0,4441822.0,0.0,0.0,4.3,0.0,0.0,0.0,-1.0,-1.0,0.0,0.0,0.0,0.0
0,sz399330,3455.19,3492.09,3504.36,36028368.0,18014184.0,18014184.0,0.0,0.0,0.0,0.0,0.0,0.0,0.0,0.0,0.0,0.0,0.0,0.0,0.0,0.0,0.0,0.0,0.0,0.0,0.0,0.0,11.0,20150826111024,-36.9,-1.06,3529.26,3379.14,3451.77,36028368.0,4446252.0,0.0,0.0,4.3,0.0,0.0,0.0,-1.0,-1.0,0.0,0.0,0.0,0.0
0,sz399330,3457.08,3492.09,3504.36,36075310.0,18037656.0,18037656.0,0.0,0.0,0.0,0.0,0.0,0.0,0.0,0.0,0.0,0.0,0.0,0.0,0.0,0.0,0.0,0.0,0.0,0.0,0.0,0.0,11.0,20150826111036,-35.01,-1.0,3529.26,3379.14,3451.77,36075310.0,4452759.0,0.0,0.0,4.3,0.0,0.0,0.0,-1.0,-1.0,0.0,0.0,0.0,0.0
0,sz399330,3460.11,3492.09,3504.36,36102646.0,18051324.0,18051324.0,0.0,0.0,0.0,0.0,0.0,0.0,0.0,0.0,0.0,0.0,0.0,0.0,0.0,0.0,0.0,0.0,0.0,0.0,0.0,0.0,11.0,20150826111048,-31.98,-0.92,3529.26,3379.14,3451.77,36102646.0,4456499.0,0.0,0.0,4.3,0.0,0.0,0.0,-1.0,-1.0,0.0,0.0,0.0,0.0
0,sz399330,3462.96,3492.09,3504.36,36153121.0,18076560.0,18076560.0,0.0,0.0,0.0,0.0,0.0,0.0,0.0,0.0,0.0,0.0,0.0,0.0,0.0,0.0,0.0,0.0,0.0,0.0,0.0,0.0,11.0,20150826111100,-29.13,-0.83,3529.26,3379.14,3451.77,36153121.0,4463859.0,0.0,0.0,4.3,0.0,0.0,0.0,-1.0,-1.0,0.0,0.0,0.0,0.0
0,sz399330,3465.94,3492.09,3504.36,36201430.0,18100716.0,18100716.0,0.0,0.0,0.0,0.0,0.0,0.0,0.0,0.0,0.0,0.0,0.0,0.0,0.0,0.0,0.0,0.0,0.0,0.0,0.0,0.0,11.0,20150826111112,-26.16,-0.75,3529.26,3379.14,3462.96,36201430.0,4470291.0,0.0,0.0,4.3,0.0,0.0,0.0,-1.0,-1.0,0.0,0.0,0.0,0.0
0,sz399330,3466.5,3492.09,3504.36,36238708.0,18119354.0,18119354.0,0.0,0.0,0.0,0.0,0.0,0.0,0.0,0.0,0.0,0.0,0.0,0.0,0.0,0.0,0.0,0.0,0.0,0.0,0.0,0.0,11.0,20150826111127,-25.59,-0.73,3529.26,3379.14,3462.96,36238708.0,4473792.0,0.0,0.0,4.3,0.0,0.0,0.0,-1.0,-1.0,0.0,0.0,0.0,0.0
0,sz399330,3467.55,3492.09,3504.36,36270246.0,18135124.0,18135124.0,0.0,0.0,0.0,0.0,0.0,0.0,0.0,0.0,0.0,0.0,0.0,0.0,0.0,0.0,0.0,0.0,0.0,0.0,0.0,0.0,11.0,20150826111139,-24.54,-0.7,3529.26,3379.14,3462.96,36270246.0,4477812.0,0.0,0.0,4.3,0.0,0.0,0.0,-1.0,-1.0,0.0,0.0,0.0,0.0
0,sz399330,3468.66,3492.09,3504.36,36304106.0,18152052.0,18152052.0,0.0,0.0,0.0,0.0,0.0,0.0,0.0,0.0,0.0,0.0,0.0,0.0,0.0,0.0,0.0,0.0,0.0,0.0,0.0,0.0,11.0,20150826111151,-23.44,-0.67,3529.26,3379.14,3462.96,36304106.0,4482476.0,0.0,0.0,4.3,0.0,0.0,0.0,-1.0,-1.0,0.0,0.0,0.0,0.0
0,sz399330,3469.52,3492.09,3504.36,36351463.0,18175732.0,18175732.0,0.0,0.0,0.0,0.0,0.0,0.0,0.0,0.0,0.0,0.0,0.0,0.0,0.0,0.0,0.0,0.0,0.0,0.0,0.0,0.0,11.0,20150826111203,-22.57,-0.65,3529.26,3379.14,3469.43,36351463.0,4488684.0,0.0,0.0,4.3,0.0,0.0,0.0,-1.0,-1.0,0.0,0.0,0.0,0.0
0,sz399330,3469.61,3492.09,3504.36,36382378.0,18191188.0,18191188.0,0.0,0.0,0.0,0.0,0.0,0.0,0.0,0.0,0.0,0.0,0.0,0.0,0.0,0.0,0.0,0.0,0.0,0.0,0.0,0.0,11.0,20150826111218,-22.48,-0.64,3529.26,3379.14,3469.43,36382378.0,4492896.0,0.0,0.0,4.3,0.0,0.0,0.0,-1.0,-1.0,0.0,0.0,0.0,0.0
0,sz399330,3470.21,3492.09,3504.36,36433300.0,18216650.0,18216650.0,0.0,0.0,0.0,0.0,0.0,0.0,0.0,0.0,0.0,0.0,0.0,0.0,0.0,0.0,0.0,0.0,0.0,0.0,0.0,0.0,11.0,20150826111230,-21.88,-0.63,3529.26,3379.14,3469.43,36433300.0,4500127.0,0.0,0.0,4.3,0.0,0.0,0.0,-1.0,-1.0,0.0,0.0,0.0,0.0
0,sz399330,3470.73,3492.09,3504.36,36474272.0,18237136.0,18237136.0,0.0,0.0,0.0,0.0,0.0,0.0,0.0,0.0,0.0,0.0,0.0,0.0,0.0,0.0,0.0,0.0,0.0,0.0,0.0,0.0,11.0,20150826111245,-21.36,-0.61,3529.26,3379.14,3469.43,36474272.0,4505709.0,0.0,0.0,4.3,0.0,0.0,0.0,-1.0,-1.0,0.0,0.0,0.0,0.0
0,sz399330,3470.81,3492.09,3504.36,36503948.0,18251974.0,18251974.0,0.0,0.0,0.0,0.0,0.0,0.0,0.0,0.0,0.0,0.0,0.0,0.0,0.0,0.0,0.0,0.0,0.0,0.0,0.0,0.0,11.0,20150826111257,-21.28,-0.61,3529.26,3379.14,3469.43,36503948.0,4509871.0,0.0,0.0,4.3,0.0,0.0,0.0,-1.0,-1.0,0.0,0.0,0.0,0.0
0,sz399330,3469.55,3492.09,3504.36,36535658.0,18267828.0,18267828.0,0.0,0.0,0.0,0.0,0.0,0.0,0.0,0.0,0.0,0.0,0.0,0.0,0.0,0.0,0.0,0.0,0.0,0.0,0.0,0.0,11.0,20150826111309,-22.54,-0.65,3529.26,3379.14,3470.0,36535658.0,4513723.0,0.0,0.0,4.3,0.0,0.0,0.0,-1.0,-1.0,0.0,0.0,0.0,0.0
0,sz399330,3471.23,3492.09,3504.36,36579570.0,18289784.0,18289784.0,0.0,0.0,0.0,0.0,0.0,0.0,0.0,0.0,0.0,0.0,0.0,0.0,0.0,0.0,0.0,0.0,0.0,0.0,0.0,0.0,11.0,20150826111324,-20.87,-0.6,3529.26,3379.14,3470.0,36579570.0,4519049.0,0.0,0.0,4.3,0.0,0.0,0.0,-1.0,-1.0,0.0,0.0,0.0,0.0
0,sz399330,3467.35,3492.09,3504.36,36618822.0,18309412.0,18309412.0,0.0,0.0,0.0,0.0,0.0,0.0,0.0,0.0,0.0,0.0,0.0,0.0,0.0,0.0,0.0,0.0,0.0,0.0,0.0,0.0,11.0,20150826111336,-24.74,-0.71,3529.26,3379.14,3470.0,36618822.0,4523786.0,0.0,0.0,4.3,0.0,0.0,0.0,-1.0,-1.0,0.0,0.0,0.0,0.0
0,sz399330,3466.38,3492.09,3504.36,36647634.0,18323816.0,18323816.0,0.0,0.0,0.0,0.0,0.0,0.0,0.0,0.0,0.0,0.0,0.0,0.0,0.0,0.0,0.0,0.0,0.0,0.0,0.0,0.0,11.0,20150826111351,-25.72,-0.74,3529.26,3379.14,3470.0,36647634.0,4527582.0,0.0,0.0,4.3,0.0,0.0,0.0,-1.0,-1.0,0.0,0.0,0.0,0.0
0,sz399330,3464.92,3492.09,3504.36,36677270.0,18338636.0,18338636.0,0.0,0.0,0.0,0.0,0.0,0.0,0.0,0.0,0.0,0.0,0.0,0.0,0.0,0.0,0.0,0.0,0.0,0.0,0.0,0.0,11.0,20150826111403,-27.17,-0.78,3529.26,3379.14,3466.22,36677270.0,4531403.0,0.0,0.0,4.3,0.0,0.0,0.0,-1.0,-1.0,0.0,0.0,0.0,0.0
0,sz399330,3458.59,3492.09,3504.36,36721605.0,18360802.0,18360802.0,0.0,0.0,0.0,0.0,0.0,0.0,0.0,0.0,0.0,0.0,0.0,0.0,0.0,0.0,0.0,0.0,0.0,0.0,0.0,0.0,11.0,20150826111418,-33.5,-0.96,3529.26,3379.14,3466.22,36721605.0,4536957.0,0.0,0.0,4.3,0.0,0.0,0.0,-1.0,-1.0,0.0,0.0,0.0,0.0
0,sz399330,3458.78,3492.09,3504.36,36741308.0,18370654.0,18370654.0,0.0,0.0,0.0,0.0,0.0,0.0,0.0,0.0,0.0,0.0,0.0,0.0,0.0,0.0,0.0,0.0,0.0,0.0,0.0,0.0,11.0,20150826111430,-33.31,-0.95,3529.26,3379.14,3466.22,36741308.0,4539357.0,0.0,0.0,4.3,0.0,0.0,0.0,-1.0,-1.0,0.0,0.0,0.0,0.0
0,sz399330,3454.92,3492.09,3504.36,36774919.0,18387460.0,18387460.0,0.0,0.0,0.0,0.0,0.0,0.0,0.0,0.0,0.0,0.0,0.0,0.0,0.0,0.0,0.0,0.0,0.0,0.0,0.0,0.0,11.0,20150826111445,-37.17,-1.06,3529.26,3379.14,3466.22,36774919.0,4544045.0,0.0,0.0,4.3,0.0,0.0,0.0,-1.0,-1.0,0.0,0.0,0.0,0.0
0,sz399330,3454.11,3492.09,3504.36,36795591.0,18397796.0,18397796.0,0.0,0.0,0.0,0.0,0.0,0.0,0.0,0.0,0.0,0.0,0.0,0.0,0.0,0.0,0.0,0.0,0.0,0.0,0.0,0.0,11.0,20150826111457,-37.99,-1.09,3529.26,3379.14,3466.22,36795591.0,4546689.0,0.0,0.0,4.3,0.0,0.0,0.0,-1.0,-1.0,0.0,0.0,0.0,0.0
0,sz399330,3455.49,3492.09,3504.36,36817315.0,18408658.0,18408658.0,0.0,0.0,0.0,0.0,0.0,0.0,0.0,0.0,0.0,0.0,0.0,0.0,0.0,0.0,0.0,0.0,0.0,0.0,0.0,0.0,11.0,20150826111512,-36.6,-1.05,3529.26,3379.14,3455.23,36817315.0,4549541.0,0.0,0.0,4.3,0.0,0.0,0.0,-1.0,-1.0,0.0,0.0,0.0,0.0
0,sz399330,3454.5,3492.09,3504.36,36840287.0,18420144.0,18420144.0,0.0,0.0,0.0,0.0,0.0,0.0,0.0,0.0,0.0,0.0,0.0,0.0,0.0,0.0,0.0,0.0,0.0,0.0,0.0,0.0,11.0,20150826111524,-37.59,-1.08,3529.26,3379.14,3455.23,36840287.0,4552732.0,0.0,0.0,4.3,0.0,0.0,0.0,-1.0,-1.0,0.0,0.0,0.0,0.0
0,sz399330,3454.94,3492.09,3504.36,36856305.0,18428152.0,18428152.0,0.0,0.0,0.0,0.0,0.0,0.0,0.0,0.0,0.0,0.0,0.0,0.0,0.0,0.0,0.0,0.0,0.0,0.0,0.0,0.0,11.0,20150826111539,-37.15,-1.06,3529.26,3379.14,3455.23,36856305.0,4554690.0,0.0,0.0,4.3,0.0,0.0,0.0,-1.0,-1.0,0.0,0.0,0.0,0.0
0,sz399330,3455.97,3492.09,3504.36,36882226.0,18441112.0,18441112.0,0.0,0.0,0.0,0.0,0.0,0.0,0.0,0.0,0.0,0.0,0.0,0.0,0.0,0.0,0.0,0.0,0.0,0.0,0.0,0.0,11.0,20150826111554,-36.12,-1.03,3529.26,3379.14,3455.23,36882226.0,4558365.0,0.0,0.0,4.3,0.0,0.0,0.0,-1.0,-1.0,0.0,0.0,0.0,0.0
0,sz399330,3457.74,3492.09,3504.36,36909379.0,18454690.0,18454690.0,0.0,0.0,0.0,0.0,0.0,0.0,0.0,0.0,0.0,0.0,0.0,0.0,0.0,0.0,0.0,0.0,0.0,0.0,0.0,0.0,11.0,20150826111606,-34.35,-0.98,3529.26,3379.14,3456.5,36909379.0,4562311.0,0.0,0.0,4.3,0.0,0.0,0.0,-1.0,-1.0,0.0,0.0,0.0,0.0
0,sz399330,3459.15,3492.09,3504.36,36928533.0,18464266.0,18464266.0,0.0,0.0,0.0,0.0,0.0,0.0,0.0,0.0,0.0,0.0,0.0,0.0,0.0,0.0,0.0,0.0,0.0,0.0,0.0,0.0,11.0,20150826111622,-32.94,-0.94,3529.26,3379.14,3456.5,36928533.0,4565340.0,0.0,0.0,4.3,0.0,0.0,0.0,-1.0,-1.0,0.0,0.0,0.0,0.0
0,sz399330,3460.84,3492.09,3504.36,36971691.0,18485846.0,18485846.0,0.0,0.0,0.0,0.0,0.0,0.0,0.0,0.0,0.0,0.0,0.0,0.0,0.0,0.0,0.0,0.0,0.0,0.0,0.0,0.0,11.0,20150826111637,-31.25,-0.89,3529.26,3379.14,3456.5,36971691.0,4570993.0,0.0,0.0,4.3,0.0,0.0,0.0,-1.0,-1.0,0.0,0.0,0.0,0.0
0,sz399330,3461.22,3492.09,3504.36,37033605.0,18516802.0,18516802.0,0.0,0.0,0.0,0.0,0.0,0.0,0.0,0.0,0.0,0.0,0.0,0.0,0.0,0.0,0.0,0.0,0.0,0.0,0.0,0.0,11.0,20150826111652,-30.87,-0.88,3529.26,3379.14,3456.5,37033605.0,4579517.0,0.0,0.0,4.3,0.0,0.0,0.0,-1.0,-1.0,0.0,0.0,0.0,0.0
0,sz399330,3463.32,3492.09,3504.36,37075597.0,18537798.0,18537798.0,0.0,0.0,0.0,0.0,0.0,0.0,0.0,0.0,0.0,0.0,0.0,0.0,0.0,0.0,0.0,0.0,0.0,0.0,0.0,0.0,11.0,20150826111704,-28.77,-0.82,3529.26,3379.14,3462.93,37075597.0,4585499.0,0.0,0.0,4.3,0.0,0.0,0.0,-1.0,-1.0,0.0,0.0,0.0,0.0
0,sz399330,3464.59,3492.09,3504.36,37107790.0,18553896.0,18553896.0,0.0,0.0,0.0,0.0,0.0,0.0,0.0,0.0,0.0,0.0,0.0,0.0,0.0,0.0,0.0,0.0,0.0,0.0,0.0,0.0,11.0,20150826111718,-27.5,-0.79,3529.26,3379.14,3462.93,37107790.0,4590064.0,0.0,0.0,4.3,0.0,0.0,0.0,-1.0,-1.0,0.0,0.0,0.0,0.0
0,sz399330,3465.83,3492.09,3504.36,37153639.0,18576820.0,18576820.0,0.0,0.0,0.0,0.0,0.0,0.0,0.0,0.0,0.0,0.0,0.0,0.0,0.0,0.0,0.0,0.0,0.0,0.0,0.0,0.0,11.0,20150826111734,-26.26,-0.75,3529.26,3379.14,3462.93,37153639.0,4596635.0,0.0,0.0,4.3,0.0,0.0,0.0,-1.0,-1.0,0.0,0.0,0.0,0.0
0,sz399330,3466.05,3492.09,3504.36,37175557.0,18587778.0,18587778.0,0.0,0.0,0.0,0.0,0.0,0.0,0.0,0.0,0.0,0.0,0.0,0.0,0.0,0.0,0.0,0.0,0.0,0.0,0.0,0.0,11.0,20150826111745,-26.04,-0.75,3529.26,3379.14,3462.93,37175557.0,4599710.0,0.0,0.0,4.3,0.0,0.0,0.0,-1.0,-1.0,0.0,0.0,0.0,0.0
0,sz399330,3466.31,3492.09,3504.36,37209391.0,18604696.0,18604696.0,0.0,0.0,0.0,0.0,0.0,0.0,0.0,0.0,0.0,0.0,0.0,0.0,0.0,0.0,0.0,0.0,0.0,0.0,0.0,0.0,11.0,20150826111800,-25.78,-0.74,3529.26,3379.14,3462.93,37209391.0,4604259.0,0.0,0.0,4.3,0.0,0.0,0.0,-1.0,-1.0,0.0,0.0,0.0,0.0
0,sz399330,3466.61,3492.09,3504.36,37250105.0,18625052.0,18625052.0,0.0,0.0,0.0,0.0,0.0,0.0,0.0,0.0,0.0,0.0,0.0,0.0,0.0,0.0,0.0,0.0,0.0,0.0,0.0,0.0,11.0,20150826111812,-25.48,-0.73,3529.26,3379.14,3466.31,37250105.0,4610237.0,0.0,0.0,4.3,0.0,0.0,0.0,-1.0,-1.0,0.0,0.0,0.0,0.0
0,sz399330,3467.28,3492.09,3504.36,37278258.0,18639128.0,18639128.0,0.0,0.0,0.0,0.0,0.0,0.0,0.0,0.0,0.0,0.0,0.0,0.0,0.0,0.0,0.0,0.0,0.0,0.0,0.0,0.0,11.0,20150826111827,-24.81,-0.71,3529.26,3379.14,3466.31,37278258.0,4614484.0,0.0,0.0,4.3,0.0,0.0,0.0,-1.0,-1.0,0.0,0.0,0.0,0.0
0,sz399330,3467.79,3492.09,3504.36,37308701.0,18654350.0,18654350.0,0.0,0.0,0.0,0.0,0.0,0.0,0.0,0.0,0.0,0.0,0.0,0.0,0.0,0.0,0.0,0.0,0.0,0.0,0.0,0.0,11.0,20150826111845,-24.3,-0.7,3529.26,3379.14,3466.31,37308701.0,4618610.0,0.0,0.0,4.3,0.0,0.0,0.0,-1.0,-1.0,0.0,0.0,0.0,0.0
0,sz399330,3469.73,3492.09,3504.36,37351537.0,18675768.0,18675768.0,0.0,0.0,0.0,0.0,0.0,0.0,0.0,0.0,0.0,0.0,0.0,0.0,0.0,0.0,0.0,0.0,0.0,0.0,0.0,0.0,11.0,20150826111857,-22.36,-0.64,3529.26,3379.14,3466.31,37351537.0,4624824.0,0.0,0.0,4.3,0.0,0.0,0.0,-1.0,-1.0,0.0,0.0,0.0,0.0
0,sz399330,3472.02,3492.09,3504.36,37394467.0,18697234.0,18697234.0,0.0,0.0,0.0,0.0,0.0,0.0,0.0,0.0,0.0,0.0,0.0,0.0,0.0,0.0,0.0,0.0,0.0,0.0,0.0,0.0,11.0,20150826111913,-20.07,-0.57,3529.26,3379.14,3470.29,37394467.0,4630701.0,0.0,0.0,4.3,0.0,0.0,0.0,-1.0,-1.0,0.0,0.0,0.0,0.0
0,sz399330,3473.0,3492.09,3504.36,37435397.0,18717698.0,18717698.0,0.0,0.0,0.0,0.0,0.0,0.0,0.0,0.0,0.0,0.0,0.0,0.0,0.0,0.0,0.0,0.0,0.0,0.0,0.0,0.0,11.0,20150826111927,-19.09,-0.55,3529.26,3379.14,3470.29,37435397.0,4637066.0,0.0,0.0,4.3,0.0,0.0,0.0,-1.0,-1.0,0.0,0.0,0.0,0.0
0,sz399330,3475.91,3492.09,3504.36,37482147.0,18741074.0,18741074.0,0.0,0.0,0.0,0.0,0.0,0.0,0.0,0.0,0.0,0.0,0.0,0.0,0.0,0.0,0.0,0.0,0.0,0.0,0.0,0.0,11.0,20150826111942,-16.19,-0.46,3529.26,3379.14,3470.29,37482147.0,4643231.0,0.0,0.0,4.3,0.0,0.0,0.0,-1.0,-1.0,0.0,0.0,0.0,0.0
0,sz399330,3476.7,3492.09,3504.36,37541221.0,18770610.0,18770610.0,0.0,0.0,0.0,0.0,0.0,0.0,0.0,0.0,0.0,0.0,0.0,0.0,0.0,0.0,0.0,0.0,0.0,0.0,0.0,0.0,11.0,20150826111951,-15.4,-0.44,3529.26,3379.14,3470.29,37541221.0,4650384.0,0.0,0.0,4.3,0.0,0.0,0.0,-1.0,-1.0,0.0,0.0,0.0,0.0
0,sz399330,3480.21,3492.09,3504.36,37605189.0,18802594.0,18802594.0,0.0,0.0,0.0,0.0,0.0,0.0,0.0,0.0,0.0,0.0,0.0,0.0,0.0,0.0,0.0,0.0,0.0,0.0,0.0,0.0,11.0,20150826112007,-11.89,-0.34,3529.26,3379.14,3477.48,37605189.0,4658931.0,0.0,0.0,4.3,0.0,0.0,0.0,-1.0,-1.0,0.0,0.0,0.0,0.0
0,sz399330,3484.36,3492.09,3504.36,37678243.0,18839122.0,18839122.0,0.0,0.0,0.0,0.0,0.0,0.0,0.0,0.0,0.0,0.0,0.0,0.0,0.0,0.0,0.0,0.0,0.0,0.0,0.0,0.0,11.0,20150826112025,-7.73,-0.22,3529.26,3379.14,3477.48,37678243.0,4668294.0,0.0,0.0,4.3,0.0,0.0,0.0,-1.0,-1.0,0.0,0.0,0.0,0.0
0,sz399330,3489.07,3492.09,3504.36,37756337.0,18878168.0,18878168.0,0.0,0.0,0.0,0.0,0.0,0.0,0.0,0.0,0.0,0.0,0.0,0.0,0.0,0.0,0.0,0.0,0.0,0.0,0.0,0.0,11.0,20150826112039,-3.02,-0.09,3529.26,3379.14,3477.48,37756337.0,4679349.0,0.0,0.0,4.3,0.0,0.0,0.0,-1.0,-1.0,0.0,0.0,0.0,0.0
0,sz399330,3491.62,3492.09,3504.36,37829471.0,18914736.0,18914736.0,0.0,0.0,0.0,0.0,0.0,0.0,0.0,0.0,0.0,0.0,0.0,0.0,0.0,0.0,0.0,0.0,0.0,0.0,0.0,0.0,11.0,20150826112054,-0.47,-0.01,3529.26,3379.14,3477.48,37829471.0,4687750.0,0.0,0.0,4.3,0.0,0.0,0.0,-1.0,-1.0,0.0,0.0,0.0,0.0
0,sz399330,3496.97,3492.09,3504.36,37889457.0,18944728.0,18944728.0,0.0,0.0,0.0,0.0,0.0,0.0,0.0,0.0,0.0,0.0,0.0,0.0,0.0,0.0,0.0,0.0,0.0,0.0,0.0,0.0,11.0,20150826112110,4.88,0.14,3529.26,3379.14,3493.98,37889457.0,4695346.0,0.0,0.0,4.3,0.0,0.0,0.0,-1.0,-1.0,0.0,0.0,0.0,0.0
0,sz399330,3500.6,3492.09,3504.36,37985681.0,18992840.0,18992840.0,0.0,0.0,0.0,0.0,0.0,0.0,0.0,0.0,0.0,0.0,0.0,0.0,0.0,0.0,0.0,0.0,0.0,0.0,0.0,0.0,11.0,20150826112122,8.51,0.24,3529.26,3379.14,3493.98,37985681.0,4705646.0,0.0,0.0,4.3,0.0,0.0,0.0,-1.0,-1.0,0.0,0.0,0.0,0.0
0,sz399330,3504.64,3492.09,3504.36,38079850.0,19039924.0,19039924.0,0.0,0.0,0.0,0.0,0.0,0.0,0.0,0.0,0.0,0.0,0.0,0.0,0.0,0.0,0.0,0.0,0.0,0.0,0.0,0.0,11.0,20150826112137,12.55,0.36,3529.26,3379.14,3493.98,38079850.0,4717557.0,0.0,0.0,4.3,0.0,0.0,0.0,-1.0,-1.0,0.0,0.0,0.0,0.0
0,sz399330,3509.45,3492.09,3504.36,38170801.0,19085400.0,19085400.0,0.0,0.0,0.0,0.0,0.0,0.0,0.0,0.0,0.0,0.0,0.0,0.0,0.0,0.0,0.0,0.0,0.0,0.0,0.0,0.0,11.0,20150826112154,17.35,0.5,3529.26,3379.14,3493.98,38170801.0,4728954.0,0.0,0.0,4.3,0.0,0.0,0.0,-1.0,-1.0,0.0,0.0,0.0,0.0
0,sz399330,3513.18,3492.09,3504.36,38250795.0,19125398.0,19125398.0,0.0,0.0,0.0,0.0,0.0,0.0,0.0,0.0,0.0,0.0,0.0,0.0,0.0,0.0,0.0,0.0,0.0,0.0,0.0,0.0,11.0,20150826112207,21.09,0.6,3529.26,3379.14,3510.56,38250795.0,4738996.0,0.0,0.0,4.3,0.0,0.0,0.0,-1.0,-1.0,0.0,0.0,0.0,0.0
0,sz399330,3515.69,3492.09,3504.36,38357716.0,19178858.0,19178858.0,0.0,0.0,0.0,0.0,0.0,0.0,0.0,0.0,0.0,0.0,0.0,0.0,0.0,0.0,0.0,0.0,0.0,0.0,0.0,0.0,11.0,20150826112224,23.6,0.68,3529.26,3379.14,3510.56,38357716.0,4752754.0,0.0,0.0,4.3,0.0,0.0,0.0,-1.0,-1.0,0.0,0.0,0.0,0.0
0,sz399330,3518.35,3492.09,3504.36,38451826.0,19225912.0,19225912.0,0.0,0.0,0.0,0.0,0.0,0.0,0.0,0.0,0.0,0.0,0.0,0.0,0.0,0.0,0.0,0.0,0.0,0.0,0.0,0.0,11.0,20150826112236,26.26,0.75,3529.26,3379.14,3510.56,38451826.0,4764277.0,0.0,0.0,4.3,0.0,0.0,0.0,-1.0,-1.0,0.0,0.0,0.0,0.0
0,sz399330,3521.45,3492.09,3504.36,38557447.0,19278724.0,19278724.0,0.0,0.0,0.0,0.0,0.0,0.0,0.0,0.0,0.0,0.0,0.0,0.0,0.0,0.0,0.0,0.0,0.0,0.0,0.0,0.0,11.0,20150826112255,29.35,0.84,3529.26,3379.14,3510.56,38557447.0,4776727.0,0.0,0.0,4.3,0.0,0.0,0.0,-1.0,-1.0,0.0,0.0,0.0,0.0
0,sz399330,3524.33,3492.09,3504.36,38654695.0,19327348.0,19327348.0,0.0,0.0,0.0,0.0,0.0,0.0,0.0,0.0,0.0,0.0,0.0,0.0,0.0,0.0,0.0,0.0,0.0,0.0,0.0,0.0,11.0,20150826112307,32.23,0.92,3529.26,3379.14,3523.87,38654695.0,4787982.0,0.0,0.0,4.3,0.0,0.0,0.0,-1.0,-1.0,0.0,0.0,0.0,0.0
0,sz399330,3525.27,3492.09,3504.36,38766285.0,19383142.0,19383142.0,0.0,0.0,0.0,0.0,0.0,0.0,0.0,0.0,0.0,0.0,0.0,0.0,0.0,0.0,0.0,0.0,0.0,0.0,0.0,0.0,11.0,20150826112325,33.18,0.95,3529.26,3379.14,3523.87,38766285.0,4801856.0,0.0,0.0,4.3,0.0,0.0,0.0,-1.0,-1.0,0.0,0.0,0.0,0.0
0,sz399330,3526.83,3492.09,3504.36,38839749.0,19419874.0,19419874.0,0.0,0.0,0.0,0.0,0.0,0.0,0.0,0.0,0.0,0.0,0.0,0.0,0.0,0.0,0.0,0.0,0.0,0.0,0.0,0.0,11.0,20150826112337,34.74,0.99,3529.26,3379.14,3523.87,38839749.0,4811410.0,0.0,0.0,4.3,0.0,0.0,0.0,-1.0,-1.0,0.0,0.0,0.0,0.0
0,sz399330,3526.73,3492.09,3504.36,38931835.0,19465918.0,19465918.0,0.0,0.0,0.0,0.0,0.0,0.0,0.0,0.0,0.0,0.0,0.0,0.0,0.0,0.0,0.0,0.0,0.0,0.0,0.0,0.0,11.0,20150826112354,34.64,0.99,3529.26,3379.14,3523.87,38931835.0,4823223.0,0.0,0.0,4.3,0.0,0.0,0.0,-1.0,-1.0,0.0,0.0,0.0,0.0
0,sz399330,3526.85,3492.09,3504.36,38997598.0,19498800.0,19498800.0,0.0,0.0,0.0,0.0,0.0,0.0,0.0,0.0,0.0,0.0,0.0,0.0,0.0,0.0,0.0,0.0,0.0,0.0,0.0,0.0,11.0,20150826112410,34.76,1.0,3529.26,3379.14,3526.73,38997598.0,4831820.0,0.0,0.0,4.3,0.0,0.0,0.0,-1.0,-1.0,0.0,0.0,0.0,0.0
0,sz399330,3523.67,3492.09,3504.36,39087429.0,19543714.0,19543714.0,0.0,0.0,0.0,0.0,0.0,0.0,0.0,0.0,0.0,0.0,0.0,0.0,0.0,0.0,0.0,0.0,0.0,0.0,0.0,0.0,11.0,20150826112428,31.58,0.9,3529.26,3379.14,3526.73,39087429.0,4843737.0,0.0,0.0,4.3,0.0,0.0,0.0,-1.0,-1.0,0.0,0.0,0.0,0.0
0,sz399330,3519.63,3492.09,3504.36,39166991.0,19583496.0,19583496.0,0.0,0.0,0.0,0.0,0.0,0.0,0.0,0.0,0.0,0.0,0.0,0.0,0.0,0.0,0.0,0.0,0.0,0.0,0.0,0.0,11.0,20150826112443,27.54,0.79,3529.26,3379.14,3526.73,39166991.0,4854871.0,0.0,0.0,4.3,0.0,0.0,0.0,-1.0,-1.0,0.0,0.0,0.0,0.0
0,sz399330,3516.0,3492.09,3504.36,39221592.0,19610796.0,19610796.0,0.0,0.0,0.0,0.0,0.0,0.0,0.0,0.0,0.0,0.0,0.0,0.0,0.0,0.0,0.0,0.0,0.0,0.0,0.0,0.0,11.0,20150826112458,23.91,0.68,3529.26,3379.14,3526.73,39221592.0,4862046.0,0.0,0.0,4.3,0.0,0.0,0.0,-1.0,-1.0,0.0,0.0,0.0,0.0
0,sz399330,3514.88,3492.09,3504.36,39261977.0,19630988.0,19630988.0,0.0,0.0,0.0,0.0,0.0,0.0,0.0,0.0,0.0,0.0,0.0,0.0,0.0,0.0,0.0,0.0,0.0,0.0,0.0,0.0,11.0,20150826112510,22.79,0.65,3529.26,3379.14,3516.0,39261977.0,4866838.0,0.0,0.0,4.3,0.0,0.0,0.0,-1.0,-1.0,0.0,0.0,0.0,0.0
0,sz399330,3512.19,3492.09,3504.36,39328928.0,19664464.0,19664464.0,0.0,0.0,0.0,0.0,0.0,0.0,0.0,0.0,0.0,0.0,0.0,0.0,0.0,0.0,0.0,0.0,0.0,0.0,0.0,0.0,11.0,20150826112528,20.1,0.58,3529.26,3379.14,3516.0,39328928.0,4876194.0,0.0,0.0,4.3,0.0,0.0,0.0,-1.0,-1.0,0.0,0.0,0.0,0.0
0,sz399330,3508.38,3492.09,3504.36,39377453.0,19688726.0,19688726.0,0.0,0.0,0.0,0.0,0.0,0.0,0.0,0.0,0.0,0.0,0.0,0.0,0.0,0.0,0.0,0.0,0.0,0.0,0.0,0.0,11.0,20150826112543,16.29,0.47,3529.26,3379.14,3516.0,39377453.0,4882432.0,0.0,0.0,4.3,0.0,0.0,0.0,-1.0,-1.0,0.0,0.0,0.0,0.0
0,sz399330,3504.59,3492.09,3504.36,39427210.0,19713604.0,19713604.0,0.0,0.0,0.0,0.0,0.0,0.0,0.0,0.0,0.0,0.0,0.0,0.0,0.0,0.0,0.0,0.0,0.0,0.0,0.0,0.0,11.0,20150826112558,12.5,0.36,3529.26,3379.14,3516.0,39427210.0,4889370.0,0.0,0.0,4.3,0.0,0.0,0.0,-1.0,-1.0,0.0,0.0,0.0,0.0
0,sz399330,3502.05,3492.09,3504.36,39479975.0,19739988.0,19739988.0,0.0,0.0,0.0,0.0,0.0,0.0,0.0,0.0,0.0,0.0,0.0,0.0,0.0,0.0,0.0,0.0,0.0,0.0,0.0,0.0,11.0,20150826112613,9.96,0.29,3529.26,3379.14,3504.59,39479975.0,4896139.0,0.0,0.0,4.3,0.0,0.0,0.0,-1.0,-1.0,0.0,0.0,0.0,0.0
0,sz399330,3500.48,3492.09,3504.36,39519349.0,19759674.0,19759674.0,0.0,0.0,0.0,0.0,0.0,0.0,0.0,0.0,0.0,0.0,0.0,0.0,0.0,0.0,0.0,0.0,0.0,0.0,0.0,0.0,11.0,20150826112631,8.39,0.24,3529.26,3379.14,3504.59,39519349.0,4901809.0,0.0,0.0,4.3,0.0,0.0,0.0,-1.0,-1.0,0.0,0.0,0.0,0.0
0,sz399330,3500.01,3492.09,3504.36,39567320.0,19783660.0,19783660.0,0.0,0.0,0.0,0.0,0.0,0.0,0.0,0.0,0.0,0.0,0.0,0.0,0.0,0.0,0.0,0.0,0.0,0.0,0.0,0.0,11.0,20150826112646,7.92,0.23,3529.26,3379.14,3504.59,39567320.0,4908136.0,0.0,0.0,4.3,0.0,0.0,0.0,-1.0,-1.0,0.0,0.0,0.0,0.0
0,sz399330,3497.5,3492.09,3504.36,39623603.0,19811802.0,19811802.0,0.0,0.0,0.0,0.0,0.0,0.0,0.0,0.0,0.0,0.0,0.0,0.0,0.0,0.0,0.0,0.0,0.0,0.0,0.0,0.0,11.0,20150826112701,5.41,0.15,3529.26,3379.14,3497.63,39623603.0,4917046.0,0.0,0.0,4.3,0.0,0.0,0.0,-1.0,-1.0,0.0,0.0,0.0,0.0
0,sz399330,3498.52,3492.09,3504.36,39667082.0,19833540.0,19833540.0,0.0,0.0,0.0,0.0,0.0,0.0,0.0,0.0,0.0,0.0,0.0,0.0,0.0,0.0,0.0,0.0,0.0,0.0,0.0,0.0,11.0,20150826112716,6.43,0.18,3529.26,3379.14,3497.63,39667082.0,4922330.0,0.0,0.0,4.3,0.0,0.0,0.0,-1.0,-1.0,0.0,0.0,0.0,0.0
0,sz399330,3501.38,3492.09,3504.36,39721619.0,19860810.0,19860810.0,0.0,0.0,0.0,0.0,0.0,0.0,0.0,0.0,0.0,0.0,0.0,0.0,0.0,0.0,0.0,0.0,0.0,0.0,0.0,0.0,11.0,20150826112731,9.28,0.27,3529.26,3379.14,3497.63,39721619.0,4929259.0,0.0,0.0,4.3,0.0,0.0,0.0,-1.0,-1.0,0.0,0.0,0.0,0.0
0,sz399330,3504.21,3492.09,3504.36,39786014.0,19893008.0,19893008.0,0.0,0.0,0.0,0.0,0.0,0.0,0.0,0.0,0.0,0.0,0.0,0.0,0.0,0.0,0.0,0.0,0.0,0.0,0.0,0.0,11.0,20150826112746,12.11,0.35,3529.26,3379.14,3497.63,39786014.0,4938078.0,0.0,0.0,4.3,0.0,0.0,0.0,-1.0,-1.0,0.0,0.0,0.0,0.0
0,sz399330,3506.83,3492.09,3504.36,39830733.0,19915366.0,19915366.0,0.0,0.0,0.0,0.0,0.0,0.0,0.0,0.0,0.0,0.0,0.0,0.0,0.0,0.0,0.0,0.0,0.0,0.0,0.0,0.0,11.0,20150826112804,14.74,0.42,3529.26,3379.14,3504.76,39830733.0,4944917.0,0.0,0.0,4.3,0.0,0.0,0.0,-1.0,-1.0,0.0,0.0,0.0,0.0
0,sz399330,3506.44,3492.09,3504.36,39890067.0,19945034.0,19945034.0,0.0,0.0,0.0,0.0,0.0,0.0,0.0,0.0,0.0,0.0,0.0,0.0,0.0,0.0,0.0,0.0,0.0,0.0,0.0,0.0,11.0,20150826112819,14.35,0.41,3529.26,3379.14,3504.76,39890067.0,4952171.0,0.0,0.0,4.3,0.0,0.0,0.0,-1.0,-1.0,0.0,0.0,0.0,0.0
0,sz399330,3510.57,3492.09,3504.36,39957780.0,19978890.0,19978890.0,0.0,0.0,0.0,0.0,0.0,0.0,0.0,0.0,0.0,0.0,0.0,0.0,0.0,0.0,0.0,0.0,0.0,0.0,0.0,0.0,11.0,20150826112837,18.48,0.53,3529.26,3379.14,3504.76,39957780.0,4960148.0,0.0,0.0,4.3,0.0,0.0,0.0,-1.0,-1.0,0.0,0.0,0.0,0.0
0,sz399330,3513.08,3492.09,3504.36,39997742.0,19998872.0,19998872.0,0.0,0.0,0.0,0.0,0.0,0.0,0.0,0.0,0.0,0.0,0.0,0.0,0.0,0.0,0.0,0.0,0.0,0.0,0.0,0.0,11.0,20150826112852,20.99,0.6,3529.26,3379.14,3504.76,39997742.0,4965136.0,0.0,0.0,4.3,0.0,0.0,0.0,-1.0,-1.0,0.0,0.0,0.0,0.0
0,sz399330,3515.96,3492.09,3504.36,40051974.0,20025988.0,20025988.0,0.0,0.0,0.0,0.0,0.0,0.0,0.0,0.0,0.0,0.0,0.0,0.0,0.0,0.0,0.0,0.0,0.0,0.0,0.0,0.0,11.0,20150826112907,23.87,0.68,3529.26,3379.14,3514.76,40051974.0,4972648.0,0.0,0.0,4.3,0.0,0.0,0.0,-1.0,-1.0,0.0,0.0,0.0,0.0
0,sz399330,3517.3,3492.09,3504.36,40117187.0,20058594.0,20058594.0,0.0,0.0,0.0,0.0,0.0,0.0,0.0,0.0,0.0,0.0,0.0,0.0,0.0,0.0,0.0,0.0,0.0,0.0,0.0,0.0,11.0,20150826112922,25.21,0.72,3529.26,3379.14,3514.76,40117187.0,4981104.0,0.0,0.0,4.3,0.0,0.0,0.0,-1.0,-1.0,0.0,0.0,0.0,0.0
0,sz399330,3518.82,3492.09,3504.36,40171914.0,20085956.0,20085956.0,0.0,0.0,0.0,0.0,0.0,0.0,0.0,0.0,0.0,0.0,0.0,0.0,0.0,0.0,0.0,0.0,0.0,0.0,0.0,0.0,11.0,20150826112940,26.73,0.77,3529.26,3379.14,3514.76,40171914.0,4988385.0,0.0,0.0,4.3,0.0,0.0,0.0,-1.0,-1.0,0.0,0.0,0.0,0.0
0,sz399330,3522.26,3492.09,3504.36,40257976.0,20128988.0,20128988.0,0.0,0.0,0.0,0.0,0.0,0.0,0.0,0.0,0.0,0.0,0.0,0.0,0.0,0.0,0.0,0.0,0.0,0.0,0.0,0.0,11.0,20150826112958,30.17,0.86,3529.26,3379.14,3514.76,40257976.0,4999309.0,0.0,0.0,4.3,0.0,0.0,0.0,-1.0,-1.0,0.0,0.0,0.0,0.0
0,sz399330,3522.72,3492.09,3504.36,40266883.0,20133442.0,20133442.0,0.0,0.0,0.0,0.0,0.0,0.0,0.0,0.0,0.0,0.0,0.0,0.0,0.0,0.0,0.0,0.0,0.0,0.0,0.0,0.0,11.0,20150826113007,30.62,0.88,3529.26,3379.14,3522.26,40266883.0,5000347.0,0.0,0.0,4.3,0.0,0.0,0.0,-1.0,-1.0,0.0,0.0,0.0,0.0
0,sz399330,3522.72,3492.09,3504.36,40266883.0,20133442.0,20133442.0,0.0,0.0,0.0,0.0,0.0,0.0,0.0,0.0,0.0,0.0,0.0,0.0,0.0,0.0,0.0,0.0,0.0,0.0,0.0,0.0,11.0,20150826113022,30.62,0.88,3529.26,3379.14,3522.26,40266883.0,5000347.0,0.0,0.0,4.3,0.0,0.0,0.0,-1.0,-1.0,0.0,0.0,0.0,0.0
0,sz399330,3522.72,3492.09,3504.36,40266883.0,20133442.0,20133442.0,0.0,0.0,0.0,0.0,0.0,0.0,0.0,0.0,0.0,0.0,0.0,0.0,0.0,0.0,0.0,0.0,0.0,0.0,0.0,0.0,11.0,20150826113046,30.62,0.88,3529.26,3379.14,3522.26,40266883.0,5000347.0,0.0,0.0,4.3,0.0,0.0,0.0,-1.0,-1.0,0.0,0.0,0.0,0.0
0,sz399330,3522.72,3492.09,3504.36,40266883.0,20133442.0,20133442.0,0.0,0.0,0.0,0.0,0.0,0.0,0.0,0.0,0.0,0.0,0.0,0.0,0.0,0.0,0.0,0.0,0.0,0.0,0.0,0.0,11.0,20150826113049,30.62,0.88,3529.26,3379.14,3522.26,40266883.0,5000347.0,0.0,0.0,4.3,0.0,0.0,0.0,-1.0,-1.0,0.0,0.0,0.0,0.0
0,sz399330,3522.72,3492.09,3504.36,40266883.0,20133442.0,20133442.0,0.0,0.0,0.0,0.0,0.0,0.0,0.0,0.0,0.0,0.0,0.0,0.0,0.0,0.0,0.0,0.0,0.0,0.0,0.0,0.0,11.0,20150826124956,30.62,0.88,3529.26,3379.14,3522.26,40266883.0,5000347.0,0.0,0.0,4.3,0.0,0.0,0.0,-1.0,-1.0,0.0,0.0,0.0,0.0
0,sz399330,3544.57,3492.09,3504.36,40789259.0,20394630.0,20394630.0,0.0,0.0,0.0,0.0,0.0,0.0,0.0,0.0,0.0,0.0,0.0,0.0,0.0,0.0,0.0,0.0,0.0,0.0,0.0,0.0,13.0,20150826130011,52.48,1.5,3544.57,3379.14,3522.26,40789259.0,5064719.0,0.0,0.0,4.74,0.0,0.0,0.0,-1.0,-1.0,0.0,0.0,0.0,0.0
0,sz399330,3551.95,3492.09,3504.36,40903309.0,20451654.0,20451654.0,0.0,0.0,0.0,0.0,0.0,0.0,0.0,0.0,0.0,0.0,0.0,0.0,0.0,0.0,0.0,0.0,0.0,0.0,0.0,0.0,13.0,20150826130030,59.86,1.71,3551.95,3379.14,3522.26,40903309.0,5077179.0,0.0,0.0,4.95,0.0,0.0,0.0,-1.0,-1.0,0.0,0.0,0.0,0.0
0,sz399330,3558.64,3492.09,3504.36,41040330.0,20520164.0,20520164.0,0.0,0.0,0.0,0.0,0.0,0.0,0.0,0.0,0.0,0.0,0.0,0.0,0.0,0.0,0.0,0.0,0.0,0.0,0.0,0.0,13.0,20150826130044,66.55,1.91,3558.64,3379.14,3522.26,41040330.0,5095752.0,0.0,0.0,5.14,0.0,0.0,0.0,-1.0,-1.0,0.0,0.0,0.0,0.0
0,sz399330,3565.36,3492.09,3504.36,41206757.0,20603378.0,20603378.0,0.0,0.0,0.0,0.0,0.0,0.0,0.0,0.0,0.0,0.0,0.0,0.0,0.0,0.0,0.0,0.0,0.0,0.0,0.0,0.0,13.0,20150826130105,73.26,2.1,3565.36,3379.14,3563.63,41206757.0,5115702.0,0.0,0.0,5.33,0.0,0.0,0.0,-1.0,-1.0,0.0,0.0,0.0,0.0
0,sz399330,3568.52,3492.09,3504.36,41344951.0,20672476.0,20672476.0,0.0,0.0,0.0,0.0,0.0,0.0,0.0,0.0,0.0,0.0,0.0,0.0,0.0,0.0,0.0,0.0,0.0,0.0,0.0,0.0,13.0,20150826130121,76.43,2.19,3568.52,3379.14,3563.63,41344951.0,5133367.0,0.0,0.0,5.42,0.0,0.0,0.0,-1.0,-1.0,0.0,0.0,0.0,0.0
0,sz399330,3572.96,3492.09,3504.36,41498510.0,20749256.0,20749256.0,0.0,0.0,0.0,0.0,0.0,0.0,0.0,0.0,0.0,0.0,0.0,0.0,0.0,0.0,0.0,0.0,0.0,0.0,0.0,0.0,13.0,20150826130136,80.87,2.32,3572.96,3379.14,3563.63,41498510.0,5153554.0,0.0,0.0,5.55,0.0,0.0,0.0,-1.0,-1.0,0.0,0.0,0.0,0.0
0,sz399330,3576.29,3492.09,3504.36,41627725.0,20813862.0,20813862.0,0.0,0.0,0.0,0.0,0.0,0.0,0.0,0.0,0.0,0.0,0.0,0.0,0.0,0.0,0.0,0.0,0.0,0.0,0.0,0.0,13.0,20150826130153,84.2,2.41,3576.29,3379.14,3563.63,41627725.0,5171139.0,0.0,0.0,5.65,0.0,0.0,0.0,-1.0,-1.0,0.0,0.0,0.0,0.0
0,sz399330,3577.24,3492.09,3504.36,41766166.0,20883084.0,20883084.0,0.0,0.0,0.0,0.0,0.0,0.0,0.0,0.0,0.0,0.0,0.0,0.0,0.0,0.0,0.0,0.0,0.0,0.0,0.0,0.0,13.0,20150826130212,85.15,2.44,3577.33,3379.14,3575.47,41766166.0,5188618.0,0.0,0.0,5.68,0.0,0.0,0.0,-1.0,-1.0,0.0,0.0,0.0,0.0
0,sz399330,3580.84,3492.09,3504.36,41916708.0,20958354.0,20958354.0,0.0,0.0,0.0,0.0,0.0,0.0,0.0,0.0,0.0,0.0,0.0,0.0,0.0,0.0,0.0,0.0,0.0,0.0,0.0,0.0,13.0,20150826130227,88.74,2.54,3581.45,3379.14,3575.47,41916708.0,5209567.0,0.0,0.0,5.79,0.0,0.0,0.0,-1.0,-1.0,0.0,0.0,0.0,0.0
0,sz399330,3582.23,3492.09,3504.36,42068443.0,21034222.0,21034222.0,0.0,0.0,0.0,0.0,0.0,0.0,0.0,0.0,0.0,0.0,0.0,0.0,0.0,0.0,0.0,0.0,0.0,0.0,0.0,0.0,13.0,20150826130244,90.14,2.58,3582.23,3379.14,3575.47,42068443.0,5230383.0,0.0,0.0,5.82,0.0,0.0,0.0,-1.0,-1.0,0.0,0.0,0.0,0.0
0,sz399330,3583.92,3492.09,3504.36,42191851.0,21095926.0,21095926.0,0.0,0.0,0.0,0.0,0.0,0.0,0.0,0.0,0.0,0.0,0.0,0.0,0.0,0.0,0.0,0.0,0.0,0.0,0.0,0.0,13.0,20150826130303,91.83,2.63,3583.92,3379.14,3583.91,42191851.0,5245673.0,0.0,0.0,5.86,0.0,0.0,0.0,-1.0,-1.0,0.0,0.0,0.0,0.0
0,sz399330,3585.68,3492.09,3504.36,42282962.0,21141480.0,21141480.0,0.0,0.0,0.0,0.0,0.0,0.0,0.0,0.0,0.0,0.0,0.0,0.0,0.0,0.0,0.0,0.0,0.0,0.0,0.0,0.0,13.0,20150826130320,93.58,2.68,3585.74,3379.14,3583.91,42282962.0,5260851.0,0.0,0.0,5.92,0.0,0.0,0.0,-1.0,-1.0,0.0,0.0,0.0,0.0
0,sz399330,3588.62,3492.09,3504.36,42427679.0,21213840.0,21213840.0,0.0,0.0,0.0,0.0,0.0,0.0,0.0,0.0,0.0,0.0,0.0,0.0,0.0,0.0,0.0,0.0,0.0,0.0,0.0,0.0,13.0,20150826130335,96.52,2.76,3588.62,3379.14,3583.91,42427679.0,5283712.0,0.0,0.0,6.0,0.0,0.0,0.0,-1.0,-1.0,0.0,0.0,0.0,0.0
0,sz399330,3591.22,3492.09,3504.36,42550727.0,21275364.0,21275364.0,0.0,0.0,0.0,0.0,0.0,0.0,0.0,0.0,0.0,0.0,0.0,0.0,0.0,0.0,0.0,0.0,0.0,0.0,0.0,0.0,13.0,20150826130357,99.12,2.84,3591.32,3379.14,3583.91,42550727.0,5301242.0,0.0,0.0,6.08,0.0,0.0,0.0,-1.0,-1.0,0.0,0.0,0.0,0.0
0,sz399330,3593.9,3492.09,3504.36,42623646.0,21311824.0,21311824.0,0.0,0.0,0.0,0.0,0.0,0.0,0.0,0.0,0.0,0.0,0.0,0.0,0.0,0.0,0.0,0.0,0.0,0.0,0.0,0.0,13.0,20150826130412,101.81,2.92,3593.9,3379.14,3591.68,42623646.0,5311052.0,0.0,0.0,6.15,0.0,0.0,0.0,-1.0,-1.0,0.0,0.0,0.0,0.0
0,sz399330,3595.72,3492.09,3504.36,42782682.0,21391340.0,21391340.0,0.0,0.0,0.0,0.0,0.0,0.0,0.0,0.0,0.0,0.0,0.0,0.0,0.0,0.0,0.0,0.0,0.0,0.0,0.0,0.0,13.0,20150826130429,103.63,2.97,3596.37,3379.14,3591.68,42782682.0,5332173.0,0.0,0.0,6.22,0.0,0.0,0.0,-1.0,-1.0,0.0,0.0,0.0,0.0
0,sz399330,3596.86,3492.09,3504.36,42972176.0,21486088.0,21486088.0,0.0,0.0,0.0,0.0,0.0,0.0,0.0,0.0,0.0,0.0,0.0,0.0,0.0,0.0,0.0,0.0,0.0,0.0,0.0,0.0,13.0,20150826130447,104.77,3.0,3597.62,3379.14,3591.68,42972176.0,5357692.0,0.0,0.0,6.26,0.0,0.0,0.0,-1.0,-1.0,0.0,0.0,0.0,0.0
0,sz399330,3599.29,3492.09,3504.36,43104374.0,21552188.0,21552188.0,0.0,0.0,0.0,0.0,0.0,0.0,0.0,0.0,0.0,0.0,0.0,0.0,0.0,0.0,0.0,0.0,0.0,0.0,0.0,0.0,13.0,20150826130505,107.2,3.07,3599.29,3379.14,3598.67,43104374.0,5375104.0,0.0,0.0,6.3,0.0,0.0,0.0,-1.0,-1.0,0.0,0.0,0.0,0.0
0,sz399330,3598.44,3492.09,3504.36,43249802.0,21624900.0,21624900.0,0.0,0.0,0.0,0.0,0.0,0.0,0.0,0.0,0.0,0.0,0.0,0.0,0.0,0.0,0.0,0.0,0.0,0.0,0.0,0.0,13.0,20150826130523,106.34,3.05,3599.82,3379.14,3598.67,43249802.0,5393696.0,0.0,0.0,6.32,0.0,0.0,0.0,-1.0,-1.0,0.0,0.0,0.0,0.0
0,sz399330,3596.73,3492.09,3504.36,43387462.0,21693732.0,21693732.0,0.0,0.0,0.0,0.0,0.0,0.0,0.0,0.0,0.0,0.0,0.0,0.0,0.0,0.0,0.0,0.0,0.0,0.0,0.0,0.0,13.0,20150826130538,104.64,3.0,3599.82,3379.14,3598.67,43387462.0,5413006.0,0.0,0.0,6.32,0.0,0.0,0.0,-1.0,-1.0,0.0,0.0,0.0,0.0
0,sz399330,3591.76,3492.09,3504.36,43568752.0,21784376.0,21784376.0,0.0,0.0,0.0,0.0,0.0,0.0,0.0,0.0,0.0,0.0,0.0,0.0,0.0,0.0,0.0,0.0,0.0,0.0,0.0,0.0,13.0,20150826130557,99.67,2.85,3599.82,3379.14,3598.67,43568752.0,5435810.0,0.0,0.0,6.32,0.0,0.0,0.0,-1.0,-1.0,0.0,0.0,0.0,0.0
0,sz399330,3587.98,3492.09,3504.36,43700306.0,21850152.0,21850152.0,0.0,0.0,0.0,0.0,0.0,0.0,0.0,0.0,0.0,0.0,0.0,0.0,0.0,0.0,0.0,0.0,0.0,0.0,0.0,0.0,13.0,20150826130618,95.89,2.75,3599.82,3379.14,3591.76,43700306.0,5451040.0,0.0,0.0,6.32,0.0,0.0,0.0,-1.0,-1.0,0.0,0.0,0.0,0.0
0,sz399330,3584.49,3492.09,3504.36,43791677.0,21895838.0,21895838.0,0.0,0.0,0.0,0.0,0.0,0.0,0.0,0.0,0.0,0.0,0.0,0.0,0.0,0.0,0.0,0.0,0.0,0.0,0.0,0.0,13.0,20150826130633,92.4,2.65,3599.82,3379.14,3591.76,43791677.0,5462956.0,0.0,0.0,6.32,0.0,0.0,0.0,-1.0,-1.0,0.0,0.0,0.0,0.0
0,sz399330,3581.06,3492.09,3504.36,43891207.0,21945604.0,21945604.0,0.0,0.0,0.0,0.0,0.0,0.0,0.0,0.0,0.0,0.0,0.0,0.0,0.0,0.0,0.0,0.0,0.0,0.0,0.0,0.0,13.0,20150826130651,88.97,2.55,3599.82,3379.14,3591.76,43891207.0,5475875.0,0.0,0.0,6.32,0.0,0.0,0.0,-1.0,-1.0,0.0,0.0,0.0,0.0
0,sz399330,3575.52,3492.09,3504.36,43976682.0,21988340.0,21988340.0,0.0,0.0,0.0,0.0,0.0,0.0,0.0,0.0,0.0,0.0,0.0,0.0,0.0,0.0,0.0,0.0,0.0,0.0,0.0,0.0,13.0,20150826130709,83.43,2.39,3599.82,3379.14,3578.87,43976682.0,5486508.0,0.0,0.0,6.32,0.0,0.0,0.0,-1.0,-1.0,0.0,0.0,0.0,0.0
0,sz399330,3572.44,3492.09,3504.36,44076669.0,22038334.0,22038334.0,0.0,0.0,0.0,0.0,0.0,0.0,0.0,0.0,0.0,0.0,0.0,0.0,0.0,0.0,0.0,0.0,0.0,0.0,0.0,0.0,13.0,20150826130727,80.35,2.3,3599.82,3379.14,3578.87,44076669.0,5498985.0,0.0,0.0,6.32,0.0,0.0,0.0,-1.0,-1.0,0.0,0.0,0.0,0.0
0,sz399330,3570.19,3492.09,3504.36,44156844.0,22078422.0,22078422.0,0.0,0.0,0.0,0.0,0.0,0.0,0.0,0.0,0.0,0.0,0.0,0.0,0.0,0.0,0.0,0.0,0.0,0.0,0.0,0.0,13.0,20150826130748,78.09,2.24,3599.82,3379.14,3578.87,44156844.0,5511319.0,0.0,0.0,6.32,0.0,0.0,0.0,-1.0,-1.0,0.0,0.0,0.0,0.0
0,sz399330,3570.76,3492.09,3504.36,44257366.0,22128684.0,22128684.0,0.0,0.0,0.0,0.0,0.0,0.0,0.0,0.0,0.0,0.0,0.0,0.0,0.0,0.0,0.0,0.0,0.0,0.0,0.0,0.0,13.0,20150826130806,78.67,2.25,3599.82,3379.14,3570.91,44257366.0,5524384.0,0.0,0.0,6.32,0.0,0.0,0.0,-1.0,-1.0,0.0,0.0,0.0,0.0
0,sz399330,3571.94,3492.09,3504.36,44340393.0,22170196.0,22170196.0,0.0,0.0,0.0,0.0,0.0,0.0,0.0,0.0,0.0,0.0,0.0,0.0,0.0,0.0,0.0,0.0,0.0,0.0,0.0,0.0,13.0,20150826130824,79.85,2.29,3599.82,3379.14,3570.91,44340393.0,5535998.0,0.0,0.0,6.32,0.0,0.0,0.0,-1.0,-1.0,0.0,0.0,0.0,0.0
0,sz399330,3574.08,3492.09,3504.36,44420290.0,22210144.0,22210144.0,0.0,0.0,0.0,0.0,0.0,0.0,0.0,0.0,0.0,0.0,0.0,0.0,0.0,0.0,0.0,0.0,0.0,0.0,0.0,0.0,13.0,20150826130842,81.99,2.35,3599.82,3379.14,3570.91,44420290.0,5546823.0,0.0,0.0,6.32,0.0,0.0,0.0,-1.0,-1.0,0.0,0.0,0.0,0.0
0,sz399330,3578.77,3492.09,3504.36,44493856.0,22246928.0,22246928.0,0.0,0.0,0.0,0.0,0.0,0.0,0.0,0.0,0.0,0.0,0.0,0.0,0.0,0.0,0.0,0.0,0.0,0.0,0.0,0.0,13.0,20150826130900,86.68,2.48,3599.82,3379.14,3570.91,44493856.0,5556983.0,0.0,0.0,6.32,0.0,0.0,0.0,-1.0,-1.0,0.0,0.0,0.0,0.0
0,sz399330,3584.89,3492.09,3504.36,44605142.0,22302572.0,22302572.0,0.0,0.0,0.0,0.0,0.0,0.0,0.0,0.0,0.0,0.0,0.0,0.0,0.0,0.0,0.0,0.0,0.0,0.0,0.0,0.0,13.0,20150826130918,92.79,2.66,3599.82,3379.14,3578.77,44605142.0,5572058.0,0.0,0.0,6.32,0.0,0.0,0.0,-1.0,-1.0,0.0,0.0,0.0,0.0
0,sz399330,3586.78,3492.09,3504.36,44712471.0,22356236.0,22356236.0,0.0,0.0,0.0,0.0,0.0,0.0,0.0,0.0,0.0,0.0,0.0,0.0,0.0,0.0,0.0,0.0,0.0,0.0,0.0,0.0,13.0,20150826130936,94.69,2.71,3599.82,3379.14,3578.77,44712471.0,5585054.0,0.0,0.0,6.32,0.0,0.0,0.0,-1.0,-1.0,0.0,0.0,0.0,0.0
0,sz399330,3592.74,3492.09,3504.36,44812506.0,22406252.0,22406252.0,0.0,0.0,0.0,0.0,0.0,0.0,0.0,0.0,0.0,0.0,0.0,0.0,0.0,0.0,0.0,0.0,0.0,0.0,0.0,0.0,13.0,20150826130957,100.65,2.88,3599.82,3379.14,3578.77,44812506.0,5597475.0,0.0,0.0,6.32,0.0,0.0,0.0,-1.0,-1.0,0.0,0.0,0.0,0.0
0,sz399330,3596.22,3492.09,3504.36,44893559.0,22446780.0,22446780.0,0.0,0.0,0.0,0.0,0.0,0.0,0.0,0.0,0.0,0.0,0.0,0.0,0.0,0.0,0.0,0.0,0.0,0.0,0.0,0.0,13.0,20150826131015,104.13,2.98,3599.82,3379.14,3592.43,44893559.0,5608735.0,0.0,0.0,6.32,0.0,0.0,0.0,-1.0,-1.0,0.0,0.0,0.0,0.0
0,sz399330,3599.51,3492.09,3504.36,45022591.0,22511296.0,22511296.0,0.0,0.0,0.0,0.0,0.0,0.0,0.0,0.0,0.0,0.0,0.0,0.0,0.0,0.0,0.0,0.0,0.0,0.0,0.0,0.0,13.0,20150826131036,107.42,3.08,3599.82,3379.14,3592.43,45022591.0,5626011.0,0.0,0.0,6.32,0.0,0.0,0.0,-1.0,-1.0,0.0,0.0,0.0,0.0
0,sz399330,3599.8,3492.09,3504.36,45114769.0,22557384.0,22557384.0,0.0,0.0,0.0,0.0,0.0,0.0,0.0,0.0,0.0,0.0,0.0,0.0,0.0,0.0,0.0,0.0,0.0,0.0,0.0,0.0,13.0,20150826131054,107.71,3.08,3600.15,3379.14,3592.43,45114769.0,5637513.0,0.0,0.0,6.33,0.0,0.0,0.0,-1.0,-1.0,0.0,0.0,0.0,0.0
0,sz399330,3601.01,3492.09,3504.36,45190835.0,22595418.0,22595418.0,0.0,0.0,0.0,0.0,0.0,0.0,0.0,0.0,0.0,0.0,0.0,0.0,0.0,0.0,0.0,0.0,0.0,0.0,0.0,0.0,13.0,20150826131112,108.92,3.12,3601.01,3379.14,3600.19,45190835.0,5646996.0,0.0,0.0,6.35,0.0,0.0,0.0,-1.0,-1.0,0.0,0.0,0.0,0.0
0,sz399330,3601.77,3492.09,3504.36,45290499.0,22645250.0,22645250.0,0.0,0.0,0.0,0.0,0.0,0.0,0.0,0.0,0.0,0.0,0.0,0.0,0.0,0.0,0.0,0.0,0.0,0.0,0.0,0.0,13.0,20150826131127,109.68,3.14,3601.89,3379.14,3600.19,45290499.0,5660300.0,0.0,0.0,6.38,0.0,0.0,0.0,-1.0,-1.0,0.0,0.0,0.0,0.0
0,sz399330,3600.29,3492.09,3504.36,45438408.0,22719204.0,22719204.0,0.0,0.0,0.0,0.0,0.0,0.0,0.0,0.0,0.0,0.0,0.0,0.0,0.0,0.0,0.0,0.0,0.0,0.0,0.0,0.0,13.0,20150826131145,108.19,3.1,3601.89,3379.14,3600.19,45438408.0,5679068.0,0.0,0.0,6.38,0.0,0.0,0.0,-1.0,-1.0,0.0,0.0,0.0,0.0
0,sz399330,3598.9,3492.09,3504.36,45582005.0,22791002.0,22791002.0,0.0,0.0,0.0,0.0,0.0,0.0,0.0,0.0,0.0,0.0,0.0,0.0,0.0,0.0,0.0,0.0,0.0,0.0,0.0,0.0,13.0,20150826131209,106.81,3.06,3601.89,3379.14,3599.58,45582005.0,5697638.0,0.0,0.0,6.38,0.0,0.0,0.0,-1.0,-1.0,0.0,0.0,0.0,0.0
0,sz399330,3597.74,3492.09,3504.36,45678982.0,22839492.0,22839492.0,0.0,0.0,0.0,0.0,0.0,0.0,0.0,0.0,0.0,0.0,0.0,0.0,0.0,0.0,0.0,0.0,0.0,0.0,0.0,0.0,13.0,20150826131227,105.65,3.03,3601.89,3379.14,3599.58,45678982.0,5709938.0,0.0,0.0,6.38,0.0,0.0,0.0,-1.0,-1.0,0.0,0.0,0.0,0.0
0,sz399330,3594.58,3492.09,3504.36,45774162.0,22887080.0,22887080.0,0.0,0.0,0.0,0.0,0.0,0.0,0.0,0.0,0.0,0.0,0.0,0.0,0.0,0.0,0.0,0.0,0.0,0.0,0.0,0.0,13.0,20150826131245,102.48,2.93,3601.89,3379.14,3599.58,45774162.0,5722885.0,0.0,0.0,6.38,0.0,0.0,0.0,-1.0,-1.0,0.0,0.0,0.0,0.0
0,sz399330,3590.58,3492.09,3504.36,45875661.0,22937830.0,22937830.0,0.0,0.0,0.0,0.0,0.0,0.0,0.0,0.0,0.0,0.0,0.0,0.0,0.0,0.0,0.0,0.0,0.0,0.0,0.0,0.0,13.0,20150826131306,98.49,2.82,3601.89,3379.14,3590.77,45875661.0,5737207.0,0.0,0.0,6.38,0.0,0.0,0.0,-1.0,-1.0,0.0,0.0,0.0,0.0
0,sz399330,3589.19,3492.09,3504.36,46002750.0,23001376.0,23001376.0,0.0,0.0,0.0,0.0,0.0,0.0,0.0,0.0,0.0,0.0,0.0,0.0,0.0,0.0,0.0,0.0,0.0,0.0,0.0,0.0,13.0,20150826131324,97.1,2.78,3601.89,3379.14,3590.77,46002750.0,5753240.0,0.0,0.0,6.38,0.0,0.0,0.0,-1.0,-1.0,0.0,0.0,0.0,0.0
0,sz399330,3588.34,3492.09,3504.36,46069505.0,23034752.0,23034752.0,0.0,0.0,0.0,0.0,0.0,0.0,0.0,0.0,0.0,0.0,0.0,0.0,0.0,0.0,0.0,0.0,0.0,0.0,0.0,0.0,13.0,20150826131342,96.25,2.76,3601.89,3379.14,3590.77,46069505.0,5762650.0,0.0,0.0,6.38,0.0,0.0,0.0,-1.0,-1.0,0.0,0.0,0.0,0.0
0,sz399330,3587.44,3492.09,3504.36,46163478.0,23081740.0,23081740.0,0.0,0.0,0.0,0.0,0.0,0.0,0.0,0.0,0.0,0.0,0.0,0.0,0.0,0.0,0.0,0.0,0.0,0.0,0.0,0.0,13.0,20150826131403,95.35,2.73,3601.89,3379.14,3587.69,46163478.0,5776021.0,0.0,0.0,6.38,0.0,0.0,0.0,-1.0,-1.0,0.0,0.0,0.0,0.0
0,sz399330,3587.37,3492.09,3504.36,46235442.0,23117720.0,23117720.0,0.0,0.0,0.0,0.0,0.0,0.0,0.0,0.0,0.0,0.0,0.0,0.0,0.0,0.0,0.0,0.0,0.0,0.0,0.0,0.0,13.0,20150826131421,95.27,2.73,3601.89,3379.14,3587.69,46235442.0,5786271.0,0.0,0.0,6.38,0.0,0.0,0.0,-1.0,-1.0,0.0,0.0,0.0,0.0
0,sz399330,3587.99,3492.09,3504.36,46313735.0,23156868.0,23156868.0,0.0,0.0,0.0,0.0,0.0,0.0,0.0,0.0,0.0,0.0,0.0,0.0,0.0,0.0,0.0,0.0,0.0,0.0,0.0,0.0,13.0,20150826131439,95.9,2.75,3601.89,3379.14,3587.69,46313735.0,5796774.0,0.0,0.0,6.38,0.0,0.0,0.0,-1.0,-1.0,0.0,0.0,0.0,0.0
0,sz399330,3589.71,3492.09,3504.36,46394578.0,23197288.0,23197288.0,0.0,0.0,0.0,0.0,0.0,0.0,0.0,0.0,0.0,0.0,0.0,0.0,0.0,0.0,0.0,0.0,0.0,0.0,0.0,0.0,13.0,20150826131458,97.62,2.8,3601.89,3379.14,3587.69,46394578.0,5808089.0,0.0,0.0,6.38,0.0,0.0,0.0,-1.0,-1.0,0.0,0.0,0.0,0.0
0,sz399330,3590.37,3492.09,3504.36,46477542.0,23238772.0,23238772.0,0.0,0.0,0.0,0.0,0.0,0.0,0.0,0.0,0.0,0.0,0.0,0.0,0.0,0.0,0.0,0.0,0.0,0.0,0.0,0.0,13.0,20150826131518,98.27,2.81,3601.89,3379.14,3589.71,46477542.0,5818982.0,0.0,0.0,6.38,0.0,0.0,0.0,-1.0,-1.0,0.0,0.0,0.0,0.0
0,sz399330,3592.26,3492.09,3504.36,46560485.0,23280242.0,23280242.0,0.0,0.0,0.0,0.0,0.0,0.0,0.0,0.0,0.0,0.0,0.0,0.0,0.0,0.0,0.0,0.0,0.0,0.0,0.0,0.0,13.0,20150826131539,100.17,2.87,3601.89,3379.14,3589.71,46560485.0,5829875.0,0.0,0.0,6.38,0.0,0.0,0.0,-1.0,-1.0,0.0,0.0,0.0,0.0
0,sz399330,3595.59,3492.09,3504.36,46650939.0,23325470.0,23325470.0,0.0,0.0,0.0,0.0,0.0,0.0,0.0,0.0,0.0,0.0,0.0,0.0,0.0,0.0,0.0,0.0,0.0,0.0,0.0,0.0,13.0,20150826131558,103.5,2.96,3601.89,3379.14,3589.71,46650939.0,5841854.0,0.0,0.0,6.38,0.0,0.0,0.0,-1.0,-1.0,0.0,0.0,0.0,0.0
0,sz399330,3598.08,3492.09,3504.36,46758381.0,23379190.0,23379190.0,0.0,0.0,0.0,0.0,0.0,0.0,0.0,0.0,0.0,0.0,0.0,0.0,0.0,0.0,0.0,0.0,0.0,0.0,0.0,0.0,13.0,20150826131616,105.99,3.04,3601.89,3379.14,3595.59,46758381.0,5854261.0,0.0,0.0,6.38,0.0,0.0,0.0,-1.0,-1.0,0.0,0.0,0.0,0.0
0,sz399330,3600.5,3492.09,3504.36,46828864.0,23414432.0,23414432.0,0.0,0.0,0.0,0.0,0.0,0.0,0.0,0.0,0.0,0.0,0.0,0.0,0.0,0.0,0.0,0.0,0.0,0.0,0.0,0.0,13.0,20150826131636,108.41,3.1,3601.89,3379.14,3595.59,46828864.0,5863961.0,0.0,0.0,6.38,0.0,0.0,0.0,-1.0,-1.0,0.0,0.0,0.0,0.0
0,sz399330,3602.94,3492.09,3504.36,46920354.0,23460176.0,23460176.0,0.0,0.0,0.0,0.0,0.0,0.0,0.0,0.0,0.0,0.0,0.0,0.0,0.0,0.0,0.0,0.0,0.0,0.0,0.0,0.0,13.0,20150826131655,110.85,3.17,3603.44,3379.14,3595.59,46920354.0,5876721.0,0.0,0.0,6.42,0.0,0.0,0.0,-1.0,-1.0,0.0,0.0,0.0,0.0
0,sz399330,3607.9,3492.09,3504.36,47025037.0,23512518.0,23512518.0,0.0,0.0,0.0,0.0,0.0,0.0,0.0,0.0,0.0,0.0,0.0,0.0,0.0,0.0,0.0,0.0,0.0,0.0,0.0,0.0,13.0,20150826131713,115.81,3.32,3607.9,3379.14,3607.12,47025037.0,5890601.0,0.0,0.0,6.55,0.0,0.0,0.0,-1.0,-1.0,0.0,0.0,0.0,0.0
0,sz399330,3612.26,3492.09,3504.36,47178872.0,23589436.0,23589436.0,0.0,0.0,0.0,0.0,0.0,0.0,0.0,0.0,0.0,0.0,0.0,0.0,0.0,0.0,0.0,0.0,0.0,0.0,0.0,0.0,13.0,20150826131734,120.17,3.44,3612.41,3379.14,3607.12,47178872.0,5910117.0,0.0,0.0,6.68,0.0,0.0,0.0,-1.0,-1.0,0.0,0.0,0.0,0.0
0,sz399330,3618.21,3492.09,3504.36,47383221.0,23691610.0,23691610.0,0.0,0.0,0.0,0.0,0.0,0.0,0.0,0.0,0.0,0.0,0.0,0.0,0.0,0.0,0.0,0.0,0.0,0.0,0.0,0.0,13.0,20150826131752,126.11,3.61,3618.21,3379.14,3607.12,47383221.0,5933245.0,0.0,0.0,6.85,0.0,0.0,0.0,-1.0,-1.0,0.0,0.0,0.0,0.0
0,sz399330,3621.91,3492.09,3504.36,47496302.0,23748152.0,23748152.0,0.0,0.0,0.0,0.0,0.0,0.0,0.0,0.0,0.0,0.0,0.0,0.0,0.0,0.0,0.0,0.0,0.0,0.0,0.0,0.0,13.0,20150826131813,129.82,3.72,3621.91,3379.14,3619.2,47496302.0,5948527.0,0.0,0.0,6.95,0.0,0.0,0.0,-1.0,-1.0,0.0,0.0,0.0,0.0
0,sz399330,3626.31,3492.09,3504.36,47656270.0,23828136.0,23828136.0,0.0,0.0,0.0,0.0,0.0,0.0,0.0,0.0,0.0,0.0,0.0,0.0,0.0,0.0,0.0,0.0,0.0,0.0,0.0,0.0,13.0,20150826131836,134.22,3.84,3626.31,3379.14,3619.2,47656270.0,5970967.0,0.0,0.0,7.08,0.0,0.0,0.0,-1.0,-1.0,0.0,0.0,0.0,0.0
0,sz399330,3629.15,3492.09,3504.36,47833227.0,23916614.0,23916614.0,0.0,0.0,0.0,0.0,0.0,0.0,0.0,0.0,0.0,0.0,0.0,0.0,0.0,0.0,0.0,0.0,0.0,0.0,0.0,0.0,13.0,20150826131854,137.06,3.92,3629.15,3379.14,3619.2,47833227.0,5992520.0,0.0,0.0,7.16,0.0,0.0,0.0,-1.0,-1.0,0.0,0.0,0.0,0.0
0,sz399330,3632.42,3492.09,3504.36,47982714.0,23991356.0,23991356.0,0.0,0.0,0.0,0.0,0.0,0.0,0.0,0.0,0.0,0.0,0.0,0.0,0.0,0.0,0.0,0.0,0.0,0.0,0.0,0.0,13.0,20150826131913,140.33,4.02,3632.42,3379.14,3630.49,47982714.0,6011729.0,0.0,0.0,7.25,0.0,0.0,0.0,-1.0,-1.0,0.0,0.0,0.0,0.0
0,sz399330,3634.34,3492.09,3504.36,48172920.0,24086460.0,24086460.0,0.0,0.0,0.0,0.0,0.0,0.0,0.0,0.0,0.0,0.0,0.0,0.0,0.0,0.0,0.0,0.0,0.0,0.0,0.0,0.0,13.0,20150826131933,142.25,4.07,3634.34,3379.14,3630.49,48172920.0,6038232.0,0.0,0.0,7.31,0.0,0.0,0.0,-1.0,-1.0,0.0,0.0,0.0,0.0
0,sz399330,3636.82,3492.09,3504.36,48354190.0,24177096.0,24177096.0,0.0,0.0,0.0,0.0,0.0,0.0,0.0,0.0,0.0,0.0,0.0,0.0,0.0,0.0,0.0,0.0,0.0,0.0,0.0,0.0,13.0,20150826131954,144.73,4.14,3636.82,3379.14,3630.49,48354190.0,6062786.0,0.0,0.0,7.38,0.0,0.0,0.0,-1.0,-1.0,0.0,0.0,0.0,0.0
0,sz399330,3636.54,3492.09,3504.36,48527546.0,24263772.0,24263772.0,0.0,0.0,0.0,0.0,0.0,0.0,0.0,0.0,0.0,0.0,0.0,0.0,0.0,0.0,0.0,0.0,0.0,0.0,0.0,0.0,13.0,20150826132012,144.45,4.14,3637.58,3379.14,3636.49,48527546.0,6082702.0,0.0,0.0,7.4,0.0,0.0,0.0,-1.0,-1.0,0.0,0.0,0.0,0.0
0,sz399330,3636.45,3492.09,3504.36,48704198.0,24352100.0,24352100.0,0.0,0.0,0.0,0.0,0.0,0.0,0.0,0.0,0.0,0.0,0.0,0.0,0.0,0.0,0.0,0.0,0.0,0.0,0.0,0.0,13.0,20150826132034,144.35,4.13,3637.58,3379.14,3636.49,48704198.0,6104740.0,0.0,0.0,7.4,0.0,0.0,0.0,-1.0,-1.0,0.0,0.0,0.0,0.0
0,sz399330,3636.18,3492.09,3504.36,48867099.0,24433550.0,24433550.0,0.0,0.0,0.0,0.0,0.0,0.0,0.0,0.0,0.0,0.0,0.0,0.0,0.0,0.0,0.0,0.0,0.0,0.0,0.0,0.0,13.0,20150826132054,144.09,4.13,3637.58,3379.14,3636.49,48867099.0,6124070.0,0.0,0.0,7.4,0.0,0.0,0.0,-1.0,-1.0,0.0,0.0,0.0,0.0
0,sz399330,3632.77,3492.09,3504.36,49015811.0,24507906.0,24507906.0,0.0,0.0,0.0,0.0,0.0,0.0,0.0,0.0,0.0,0.0,0.0,0.0,0.0,0.0,0.0,0.0,0.0,0.0,0.0,0.0,13.0,20150826132115,140.68,4.03,3637.58,3379.14,3634.94,49015811.0,6143062.0,0.0,0.0,7.4,0.0,0.0,0.0,-1.0,-1.0,0.0,0.0,0.0,0.0
0,sz399330,3630.13,3492.09,3504.36,49168931.0,24584466.0,24584466.0,0.0,0.0,0.0,0.0,0.0,0.0,0.0,0.0,0.0,0.0,0.0,0.0,0.0,0.0,0.0,0.0,0.0,0.0,0.0,0.0,13.0,20150826132134,138.04,3.95,3637.58,3379.14,3634.94,49168931.0,6162605.0,0.0,0.0,7.4,0.0,0.0,0.0,-1.0,-1.0,0.0,0.0,0.0,0.0
0,sz399330,3624.88,3492.09,3504.36,49332637.0,24666318.0,24666318.0,0.0,0.0,0.0,0.0,0.0,0.0,0.0,0.0,0.0,0.0,0.0,0.0,0.0,0.0,0.0,0.0,0.0,0.0,0.0,0.0,13.0,20150826132154,132.78,3.8,3637.58,3379.14,3634.94,49332637.0,6182498.0,0.0,0.0,7.4,0.0,0.0,0.0,-1.0,-1.0,0.0,0.0,0.0,0.0
0,sz399330,3621.47,3492.09,3504.36,49456591.0,24728296.0,24728296.0,0.0,0.0,0.0,0.0,0.0,0.0,0.0,0.0,0.0,0.0,0.0,0.0,0.0,0.0,0.0,0.0,0.0,0.0,0.0,0.0,13.0,20150826132216,129.38,3.7,3637.58,3379.14,3624.56,49456591.0,6198091.0,0.0,0.0,7.4,0.0,0.0,0.0,-1.0,-1.0,0.0,0.0,0.0,0.0
0,sz399330,3619.02,3492.09,3504.36,49567417.0,24783708.0,24783708.0,0.0,0.0,0.0,0.0,0.0,0.0,0.0,0.0,0.0,0.0,0.0,0.0,0.0,0.0,0.0,0.0,0.0,0.0,0.0,0.0,13.0,20150826132237,126.92,3.63,3637.58,3379.14,3624.56,49567417.0,6213649.0,0.0,0.0,7.4,0.0,0.0,0.0,-1.0,-1.0,0.0,0.0,0.0,0.0
0,sz399330,3617.76,3492.09,3504.36,49684816.0,24842408.0,24842408.0,0.0,0.0,0.0,0.0,0.0,0.0,0.0,0.0,0.0,0.0,0.0,0.0,0.0,0.0,0.0,0.0,0.0,0.0,0.0,0.0,13.0,20150826132258,125.67,3.6,3637.58,3379.14,3624.56,49684816.0,6228371.0,0.0,0.0,7.4,0.0,0.0,0.0,-1.0,-1.0,0.0,0.0,0.0,0.0
0,sz399330,3616.69,3492.09,3504.36,49761737.0,24880868.0,24880868.0,0.0,0.0,0.0,0.0,0.0,0.0,0.0,0.0,0.0,0.0,0.0,0.0,0.0,0.0,0.0,0.0,0.0,0.0,0.0,0.0,13.0,20150826132319,124.6,3.57,3637.58,3379.14,3617.76,49761737.0,6238987.0,0.0,0.0,7.4,0.0,0.0,0.0,-1.0,-1.0,0.0,0.0,0.0,0.0
0,sz399330,3615.47,3492.09,3504.36,49862308.0,24931154.0,24931154.0,0.0,0.0,0.0,0.0,0.0,0.0,0.0,0.0,0.0,0.0,0.0,0.0,0.0,0.0,0.0,0.0,0.0,0.0,0.0,0.0,13.0,20150826132340,123.37,3.53,3637.58,3379.14,3617.76,49862308.0,6252007.0,0.0,0.0,7.4,0.0,0.0,0.0,-1.0,-1.0,0.0,0.0,0.0,0.0
0,sz399330,3615.56,3492.09,3504.36,49951530.0,24975764.0,24975764.0,0.0,0.0,0.0,0.0,0.0,0.0,0.0,0.0,0.0,0.0,0.0,0.0,0.0,0.0,0.0,0.0,0.0,0.0,0.0,0.0,13.0,20150826132401,123.47,3.54,3637.58,3379.14,3617.76,49951530.0,6264089.0,0.0,0.0,7.4,0.0,0.0,0.0,-1.0,-1.0,0.0,0.0,0.0,0.0
0,sz399330,3615.68,3492.09,3504.36,50050120.0,25025060.0,25025060.0,0.0,0.0,0.0,0.0,0.0,0.0,0.0,0.0,0.0,0.0,0.0,0.0,0.0,0.0,0.0,0.0,0.0,0.0,0.0,0.0,13.0,20150826132419,123.58,3.54,3637.58,3379.14,3615.56,50050120.0,6277550.0,0.0,0.0,7.4,0.0,0.0,0.0,-1.0,-1.0,0.0,0.0,0.0,0.0
0,sz399330,3616.35,3492.09,3504.36,50129071.0,25064536.0,25064536.0,0.0,0.0,0.0,0.0,0.0,0.0,0.0,0.0,0.0,0.0,0.0,0.0,0.0,0.0,0.0,0.0,0.0,0.0,0.0,0.0,13.0,20150826132440,124.25,3.56,3637.58,3379.14,3615.56,50129071.0,6287850.0,0.0,0.0,7.4,0.0,0.0,0.0,-1.0,-1.0,0.0,0.0,0.0,0.0
0,sz399330,3617.02,3492.09,3504.36,50230408.0,25115204.0,25115204.0,0.0,0.0,0.0,0.0,0.0,0.0,0.0,0.0,0.0,0.0,0.0,0.0,0.0,0.0,0.0,0.0,0.0,0.0,0.0,0.0,13.0,20150826132501,124.93,3.58,3637.58,3379.14,3617.17,50230408.0,6301589.0,0.0,0.0,7.4,0.0,0.0,0.0,-1.0,-1.0,0.0,0.0,0.0,0.0
0,sz399330,3618.75,3492.09,3504.36,50309790.0,25154896.0,25154896.0,0.0,0.0,0.0,0.0,0.0,0.0,0.0,0.0,0.0,0.0,0.0,0.0,0.0,0.0,0.0,0.0,0.0,0.0,0.0,0.0,13.0,20150826132525,126.66,3.63,3637.58,3379.14,3617.17,50309790.0,6312200.0,0.0,0.0,7.4,0.0,0.0,0.0,-1.0,-1.0,0.0,0.0,0.0,0.0
0,sz399330,3618.33,3492.09,3504.36,50386926.0,25193464.0,25193464.0,0.0,0.0,0.0,0.0,0.0,0.0,0.0,0.0,0.0,0.0,0.0,0.0,0.0,0.0,0.0,0.0,0.0,0.0,0.0,0.0,13.0,20150826132546,126.24,3.61,3637.58,3379.14,3617.17,50386926.0,6322911.0,0.0,0.0,7.4,0.0,0.0,0.0,-1.0,-1.0,0.0,0.0,0.0,0.0
0,sz399330,3617.94,3492.09,3504.36,50472718.0,25236360.0,25236360.0,0.0,0.0,0.0,0.0,0.0,0.0,0.0,0.0,0.0,0.0,0.0,0.0,0.0,0.0,0.0,0.0,0.0,0.0,0.0,0.0,13.0,20150826132604,125.84,3.6,3637.58,3379.14,3617.17,50472718.0,6333546.0,0.0,0.0,7.4,0.0,0.0,0.0,-1.0,-1.0,0.0,0.0,0.0,0.0
0,sz399330,3616.88,3492.09,3504.36,50570006.0,25285004.0,25285004.0,0.0,0.0,0.0,0.0,0.0,0.0,0.0,0.0,0.0,0.0,0.0,0.0,0.0,0.0,0.0,0.0,0.0,0.0,0.0,0.0,13.0,20150826132625,124.78,3.57,3637.58,3379.14,3617.94,50570006.0,6346505.0,0.0,0.0,7.4,0.0,0.0,0.0,-1.0,-1.0,0.0,0.0,0.0,0.0
0,sz399330,3616.8,3492.09,3504.36,50678737.0,25339368.0,25339368.0,0.0,0.0,0.0,0.0,0.0,0.0,0.0,0.0,0.0,0.0,0.0,0.0,0.0,0.0,0.0,0.0,0.0,0.0,0.0,0.0,13.0,20150826132646,124.71,3.57,3637.58,3379.14,3617.94,50678737.0,6361505.0,0.0,0.0,7.4,0.0,0.0,0.0,-1.0,-1.0,0.0,0.0,0.0,0.0
0,sz399330,3615.92,3492.09,3504.36,50780006.0,25390004.0,25390004.0,0.0,0.0,0.0,0.0,0.0,0.0,0.0,0.0,0.0,0.0,0.0,0.0,0.0,0.0,0.0,0.0,0.0,0.0,0.0,0.0,13.0,20150826132707,123.82,3.55,3637.58,3379.14,3616.72,50780006.0,6375260.0,0.0,0.0,7.4,0.0,0.0,0.0,-1.0,-1.0,0.0,0.0,0.0,0.0
0,sz399330,3613.24,3492.09,3504.36,50884493.0,25442246.0,25442246.0,0.0,0.0,0.0,0.0,0.0,0.0,0.0,0.0,0.0,0.0,0.0,0.0,0.0,0.0,0.0,0.0,0.0,0.0,0.0,0.0,13.0,20150826132728,121.15,3.47,3637.58,3379.14,3616.72,50884493.0,6390201.0,0.0,0.0,7.4,0.0,0.0,0.0,-1.0,-1.0,0.0,0.0,0.0,0.0
0,sz399330,3610.63,3492.09,3504.36,50996304.0,25498152.0,25498152.0,0.0,0.0,0.0,0.0,0.0,0.0,0.0,0.0,0.0,0.0,0.0,0.0,0.0,0.0,0.0,0.0,0.0,0.0,0.0,0.0,13.0,20150826132749,118.54,3.39,3637.58,3379.14,3616.72,50996304.0,6404096.0,0.0,0.0,7.4,0.0,0.0,0.0,-1.0,-1.0,0.0,0.0,0.0,0.0
0,sz399330,3603.5,3492.09,3504.36,51087277.0,25543638.0,25543638.0,0.0,0.0,0.0,0.0,0.0,0.0,0.0,0.0,0.0,0.0,0.0,0.0,0.0,0.0,0.0,0.0,0.0,0.0,0.0,0.0,13.0,20150826132810,111.4,3.19,3637.58,3379.14,3607.13,51087277.0,6416726.0,0.0,0.0,7.4,0.0,0.0,0.0,-1.0,-1.0,0.0,0.0,0.0,0.0
0,sz399330,3598.59,3492.09,3504.36,51188197.0,25594098.0,25594098.0,0.0,0.0,0.0,0.0,0.0,0.0,0.0,0.0,0.0,0.0,0.0,0.0,0.0,0.0,0.0,0.0,0.0,0.0,0.0,0.0,13.0,20150826132831,106.5,3.05,3637.58,3379.14,3607.13,51188197.0,6429859.0,0.0,0.0,7.4,0.0,0.0,0.0,-1.0,-1.0,0.0,0.0,0.0,0.0
0,sz399330,3595.81,3492.09,3504.36,51284911.0,25642456.0,25642456.0,0.0,0.0,0.0,0.0,0.0,0.0,0.0,0.0,0.0,0.0,0.0,0.0,0.0,0.0,0.0,0.0,0.0,0.0,0.0,0.0,13.0,20150826132855,103.72,2.97,3637.58,3379.14,3607.13,51284911.0,6442309.0,0.0,0.0,7.4,0.0,0.0,0.0,-1.0,-1.0,0.0,0.0,0.0,0.0
0,sz399330,3591.29,3492.09,3504.36,51375819.0,25687910.0,25687910.0,0.0,0.0,0.0,0.0,0.0,0.0,0.0,0.0,0.0,0.0,0.0,0.0,0.0,0.0,0.0,0.0,0.0,0.0,0.0,0.0,13.0,20150826132916,99.2,2.84,3637.58,3379.14,3594.47,51375819.0,6454885.0,0.0,0.0,7.4,0.0,0.0,0.0,-1.0,-1.0,0.0,0.0,0.0,0.0
0,sz399330,3588.67,3492.09,3504.36,51487966.0,25743984.0,25743984.0,0.0,0.0,0.0,0.0,0.0,0.0,0.0,0.0,0.0,0.0,0.0,0.0,0.0,0.0,0.0,0.0,0.0,0.0,0.0,0.0,13.0,20150826132937,96.57,2.77,3637.58,3379.14,3594.47,51487966.0,6469978.0,0.0,0.0,7.4,0.0,0.0,0.0,-1.0,-1.0,0.0,0.0,0.0,0.0
0,sz399330,3585.5,3492.09,3504.36,51560242.0,25780120.0,25780120.0,0.0,0.0,0.0,0.0,0.0,0.0,0.0,0.0,0.0,0.0,0.0,0.0,0.0,0.0,0.0,0.0,0.0,0.0,0.0,0.0,13.0,20150826132952,93.41,2.67,3637.58,3379.14,3594.47,51560242.0,6479468.0,0.0,0.0,7.4,0.0,0.0,0.0,-1.0,-1.0,0.0,0.0,0.0,0.0
0,sz399330,3584.12,3492.09,3504.36,51686663.0,25843332.0,25843332.0,0.0,0.0,0.0,0.0,0.0,0.0,0.0,0.0,0.0,0.0,0.0,0.0,0.0,0.0,0.0,0.0,0.0,0.0,0.0,0.0,13.0,20150826133019,92.03,2.64,3637.58,3379.14,3584.98,51686663.0,6494170.0,0.0,0.0,7.4,0.0,0.0,0.0,-1.0,-1.0,0.0,0.0,0.0,0.0
