名称,﻿代码,﻿当前价格,﻿昨收,﻿今开,﻿成交量/手,﻿外盘,﻿内盘,﻿买一价,﻿买一量/手,﻿买二价,﻿买二量/手,﻿买三价,﻿买三量/手,﻿买四价,﻿买四量/手,﻿买五价,﻿买五量/手,﻿卖一价,﻿卖一量/手,﻿卖二价,﻿卖二量/手,﻿卖三价,﻿卖三量/手,﻿卖四价,﻿卖四量/手,﻿卖五价,﻿卖五量/手,﻿最近逐笔成交,﻿时间,﻿涨跌,﻿涨跌幅,﻿最高,﻿最低,﻿价格,﻿成交量/手,﻿成交额/万,﻿换手率,﻿市盈率,﻿振幅,﻿流通市值,﻿总市值,﻿市净率,﻿涨停价,﻿跌停价,﻿买盘大单,﻿买盘小单,﻿卖盘大单,﻿卖盘小单
0,sz399005,6623.51,6856.56,6877.07,14329695.0,7164848.0,7164848.0,0.0,0.0,0.0,0.0,0.0,0.0,0.0,0.0,0.0,0.0,0.0,0.0,0.0,0.0,0.0,0.0,0.0,0.0,0.0,0.0,10.0,20150826104416,-233.05,-3.4,6924.17,6586.62,6612.29,14329695.0,2201261.0,0.0,0.0,4.92,0.0,0.0,0.0,-1.0,-1.0,0.0,0.0,0.0,0.0
0,sz399005,6628.48,6856.56,6877.07,14352794.0,7176397.0,7176397.0,0.0,0.0,0.0,0.0,0.0,0.0,0.0,0.0,0.0,0.0,0.0,0.0,0.0,0.0,0.0,0.0,0.0,0.0,0.0,0.0,10.0,20150826104429,-228.08,-3.33,6924.17,6586.62,6612.29,14352794.0,2205004.0,0.0,0.0,4.92,0.0,0.0,0.0,-1.0,-1.0,0.0,0.0,0.0,0.0
0,sz399005,6631.78,6856.56,6877.07,14367023.0,7183512.0,7183512.0,0.0,0.0,0.0,0.0,0.0,0.0,0.0,0.0,0.0,0.0,0.0,0.0,0.0,0.0,0.0,0.0,0.0,0.0,0.0,0.0,10.0,20150826104434,-224.78,-3.28,6924.17,6586.62,6612.29,14367023.0,2207215.0,0.0,0.0,4.92,0.0,0.0,0.0,-1.0,-1.0,0.0,0.0,0.0,0.0
0,sz399005,6634.3,6856.56,6877.07,14388730.0,7194365.0,7194365.0,0.0,0.0,0.0,0.0,0.0,0.0,0.0,0.0,0.0,0.0,0.0,0.0,0.0,0.0,0.0,0.0,0.0,0.0,0.0,0.0,10.0,20150826104440,-222.26,-3.24,6924.17,6586.62,6612.29,14388730.0,2210319.0,0.0,0.0,4.92,0.0,0.0,0.0,-1.0,-1.0,0.0,0.0,0.0,0.0
0,sz399005,6635.79,6856.56,6877.07,14396340.0,7198170.0,7198170.0,0.0,0.0,0.0,0.0,0.0,0.0,0.0,0.0,0.0,0.0,0.0,0.0,0.0,0.0,0.0,0.0,0.0,0.0,0.0,0.0,10.0,20150826104447,-220.77,-3.22,6924.17,6586.62,6612.29,14396340.0,2211542.0,0.0,0.0,4.92,0.0,0.0,0.0,-1.0,-1.0,0.0,0.0,0.0,0.0
0,sz399005,6636.12,6856.56,6877.07,14401583.0,7200792.0,7200792.0,0.0,0.0,0.0,0.0,0.0,0.0,0.0,0.0,0.0,0.0,0.0,0.0,0.0,0.0,0.0,0.0,0.0,0.0,0.0,0.0,10.0,20150826104450,-220.44,-3.21,6924.17,6586.62,6612.29,14401583.0,2212320.0,0.0,0.0,4.92,0.0,0.0,0.0,-1.0,-1.0,0.0,0.0,0.0,0.0
0,sz399005,6637.73,6856.56,6877.07,14415917.0,7207958.0,7207958.0,0.0,0.0,0.0,0.0,0.0,0.0,0.0,0.0,0.0,0.0,0.0,0.0,0.0,0.0,0.0,0.0,0.0,0.0,0.0,0.0,10.0,20150826104456,-218.83,-3.19,6924.17,6586.62,6612.29,14415917.0,2214477.0,0.0,0.0,4.92,0.0,0.0,0.0,-1.0,-1.0,0.0,0.0,0.0,0.0
0,sz399005,6641.26,6856.56,6877.07,14424507.0,7212254.0,7212254.0,0.0,0.0,0.0,0.0,0.0,0.0,0.0,0.0,0.0,0.0,0.0,0.0,0.0,0.0,0.0,0.0,0.0,0.0,0.0,0.0,10.0,20150826104459,-215.3,-3.14,6924.17,6586.62,6612.29,14424507.0,2215746.0,0.0,0.0,4.92,0.0,0.0,0.0,-1.0,-1.0,0.0,0.0,0.0,0.0
0,sz399005,6641.32,6856.56,6877.07,14430944.0,7215472.0,7215472.0,0.0,0.0,0.0,0.0,0.0,0.0,0.0,0.0,0.0,0.0,0.0,0.0,0.0,0.0,0.0,0.0,0.0,0.0,0.0,0.0,10.0,20150826104502,-215.24,-3.14,6924.17,6586.62,6612.29,14430944.0,2216690.0,0.0,0.0,4.92,0.0,0.0,0.0,-1.0,-1.0,0.0,0.0,0.0,0.0
0,sz399005,6643.11,6856.56,6877.07,14439084.0,7219542.0,7219542.0,0.0,0.0,0.0,0.0,0.0,0.0,0.0,0.0,0.0,0.0,0.0,0.0,0.0,0.0,0.0,0.0,0.0,0.0,0.0,0.0,10.0,20150826104507,-213.45,-3.11,6924.17,6586.62,6641.32,14439084.0,2218070.0,0.0,0.0,4.92,0.0,0.0,0.0,-1.0,-1.0,0.0,0.0,0.0,0.0
0,sz399005,6644.02,6856.56,6877.07,14450665.0,7225332.0,7225332.0,0.0,0.0,0.0,0.0,0.0,0.0,0.0,0.0,0.0,0.0,0.0,0.0,0.0,0.0,0.0,0.0,0.0,0.0,0.0,0.0,10.0,20150826104513,-212.54,-3.1,6924.17,6586.62,6641.32,14450665.0,2219814.0,0.0,0.0,4.92,0.0,0.0,0.0,-1.0,-1.0,0.0,0.0,0.0,0.0
0,sz399005,6645.31,6856.56,6877.07,14467224.0,7233612.0,7233612.0,0.0,0.0,0.0,0.0,0.0,0.0,0.0,0.0,0.0,0.0,0.0,0.0,0.0,0.0,0.0,0.0,0.0,0.0,0.0,0.0,10.0,20150826104519,-211.25,-3.08,6924.17,6586.62,6641.32,14467224.0,2222548.0,0.0,0.0,4.92,0.0,0.0,0.0,-1.0,-1.0,0.0,0.0,0.0,0.0
0,sz399005,6646.91,6856.56,6877.07,14474433.0,7237216.0,7237216.0,0.0,0.0,0.0,0.0,0.0,0.0,0.0,0.0,0.0,0.0,0.0,0.0,0.0,0.0,0.0,0.0,0.0,0.0,0.0,0.0,10.0,20150826104522,-209.65,-3.06,6924.17,6586.62,6641.32,14474433.0,2223575.0,0.0,0.0,4.92,0.0,0.0,0.0,-1.0,-1.0,0.0,0.0,0.0,0.0
0,sz399005,6646.36,6856.56,6877.07,14492267.0,7246134.0,7246134.0,0.0,0.0,0.0,0.0,0.0,0.0,0.0,0.0,0.0,0.0,0.0,0.0,0.0,0.0,0.0,0.0,0.0,0.0,0.0,0.0,10.0,20150826104528,-210.2,-3.07,6924.17,6586.62,6641.32,14492267.0,2226239.0,0.0,0.0,4.92,0.0,0.0,0.0,-1.0,-1.0,0.0,0.0,0.0,0.0
0,sz399005,6650.11,6856.56,6877.07,14497790.0,7248895.0,7248895.0,0.0,0.0,0.0,0.0,0.0,0.0,0.0,0.0,0.0,0.0,0.0,0.0,0.0,0.0,0.0,0.0,0.0,0.0,0.0,0.0,10.0,20150826104534,-206.45,-3.01,6924.17,6586.62,6641.32,14497790.0,2227095.0,0.0,0.0,4.92,0.0,0.0,0.0,-1.0,-1.0,0.0,0.0,0.0,0.0
0,sz399005,6646.95,6856.56,6877.07,14507290.0,7253645.0,7253645.0,0.0,0.0,0.0,0.0,0.0,0.0,0.0,0.0,0.0,0.0,0.0,0.0,0.0,0.0,0.0,0.0,0.0,0.0,0.0,0.0,10.0,20150826104540,-209.61,-3.06,6924.17,6586.62,6641.32,14507290.0,2228456.0,0.0,0.0,4.92,0.0,0.0,0.0,-1.0,-1.0,0.0,0.0,0.0,0.0
0,sz399005,6645.99,6856.56,6877.07,14513162.0,7256581.0,7256581.0,0.0,0.0,0.0,0.0,0.0,0.0,0.0,0.0,0.0,0.0,0.0,0.0,0.0,0.0,0.0,0.0,0.0,0.0,0.0,0.0,10.0,20150826104544,-210.57,-3.07,6924.17,6586.62,6641.32,14513162.0,2229441.0,0.0,0.0,4.92,0.0,0.0,0.0,-1.0,-1.0,0.0,0.0,0.0,0.0
0,sz399005,6649.55,6856.56,6877.07,14526806.0,7263403.0,7263403.0,0.0,0.0,0.0,0.0,0.0,0.0,0.0,0.0,0.0,0.0,0.0,0.0,0.0,0.0,0.0,0.0,0.0,0.0,0.0,0.0,10.0,20150826104550,-207.01,-3.02,6924.17,6586.62,6641.32,14526806.0,2231363.0,0.0,0.0,4.92,0.0,0.0,0.0,-1.0,-1.0,0.0,0.0,0.0,0.0
0,sz399005,6648.86,6856.56,6877.07,14531478.0,7265739.0,7265739.0,0.0,0.0,0.0,0.0,0.0,0.0,0.0,0.0,0.0,0.0,0.0,0.0,0.0,0.0,0.0,0.0,0.0,0.0,0.0,0.0,10.0,20150826104556,-207.7,-3.03,6924.17,6586.62,6641.32,14531478.0,2232036.0,0.0,0.0,4.92,0.0,0.0,0.0,-1.0,-1.0,0.0,0.0,0.0,0.0
0,sz399005,6649.89,6856.56,6877.07,14535270.0,7267635.0,7267635.0,0.0,0.0,0.0,0.0,0.0,0.0,0.0,0.0,0.0,0.0,0.0,0.0,0.0,0.0,0.0,0.0,0.0,0.0,0.0,0.0,10.0,20150826104559,-206.67,-3.01,6924.17,6586.62,6641.32,14535270.0,2232550.0,0.0,0.0,4.92,0.0,0.0,0.0,-1.0,-1.0,0.0,0.0,0.0,0.0
0,sz399005,6649.13,6856.56,6877.07,14548160.0,7274080.0,7274080.0,0.0,0.0,0.0,0.0,0.0,0.0,0.0,0.0,0.0,0.0,0.0,0.0,0.0,0.0,0.0,0.0,0.0,0.0,0.0,0.0,10.0,20150826104604,-207.43,-3.03,6924.17,6586.62,6649.89,14548160.0,2235000.0,0.0,0.0,4.92,0.0,0.0,0.0,-1.0,-1.0,0.0,0.0,0.0,0.0
0,sz399005,6649.75,6856.56,6877.07,14559428.0,7279714.0,7279714.0,0.0,0.0,0.0,0.0,0.0,0.0,0.0,0.0,0.0,0.0,0.0,0.0,0.0,0.0,0.0,0.0,0.0,0.0,0.0,0.0,10.0,20150826104611,-206.81,-3.02,6924.17,6586.62,6649.89,14559428.0,2236691.0,0.0,0.0,4.92,0.0,0.0,0.0,-1.0,-1.0,0.0,0.0,0.0,0.0
0,sz399005,6650.45,6856.56,6877.07,14564109.0,7282054.0,7282054.0,0.0,0.0,0.0,0.0,0.0,0.0,0.0,0.0,0.0,0.0,0.0,0.0,0.0,0.0,0.0,0.0,0.0,0.0,0.0,0.0,10.0,20150826104614,-206.11,-3.01,6924.17,6586.62,6649.89,14564109.0,2237421.0,0.0,0.0,4.92,0.0,0.0,0.0,-1.0,-1.0,0.0,0.0,0.0,0.0
0,sz399005,6649.01,6856.56,6877.07,14570020.0,7285010.0,7285010.0,0.0,0.0,0.0,0.0,0.0,0.0,0.0,0.0,0.0,0.0,0.0,0.0,0.0,0.0,0.0,0.0,0.0,0.0,0.0,0.0,10.0,20150826104620,-207.55,-3.03,6924.17,6586.62,6649.89,14570020.0,2238198.0,0.0,0.0,4.92,0.0,0.0,0.0,-1.0,-1.0,0.0,0.0,0.0,0.0
0,sz399005,6646.46,6856.56,6877.07,14587077.0,7293538.0,7293538.0,0.0,0.0,0.0,0.0,0.0,0.0,0.0,0.0,0.0,0.0,0.0,0.0,0.0,0.0,0.0,0.0,0.0,0.0,0.0,0.0,10.0,20150826104629,-210.1,-3.06,6924.17,6586.62,6649.89,14587077.0,2241084.0,0.0,0.0,4.92,0.0,0.0,0.0,-1.0,-1.0,0.0,0.0,0.0,0.0
0,sz399005,6647.36,6856.56,6877.07,14595431.0,7297716.0,7297716.0,0.0,0.0,0.0,0.0,0.0,0.0,0.0,0.0,0.0,0.0,0.0,0.0,0.0,0.0,0.0,0.0,0.0,0.0,0.0,0.0,10.0,20150826104632,-209.2,-3.05,6924.17,6586.62,6649.89,14595431.0,2242346.0,0.0,0.0,4.92,0.0,0.0,0.0,-1.0,-1.0,0.0,0.0,0.0,0.0
0,sz399005,6644.56,6856.56,6877.07,14601065.0,7300532.0,7300532.0,0.0,0.0,0.0,0.0,0.0,0.0,0.0,0.0,0.0,0.0,0.0,0.0,0.0,0.0,0.0,0.0,0.0,0.0,0.0,0.0,10.0,20150826104638,-212.0,-3.09,6924.17,6586.62,6649.89,14601065.0,2243160.0,0.0,0.0,4.92,0.0,0.0,0.0,-1.0,-1.0,0.0,0.0,0.0,0.0
0,sz399005,6644.02,6856.56,6877.07,14605961.0,7302980.0,7302980.0,0.0,0.0,0.0,0.0,0.0,0.0,0.0,0.0,0.0,0.0,0.0,0.0,0.0,0.0,0.0,0.0,0.0,0.0,0.0,0.0,10.0,20150826104644,-212.54,-3.1,6924.17,6586.62,6649.89,14605961.0,2243872.0,0.0,0.0,4.92,0.0,0.0,0.0,-1.0,-1.0,0.0,0.0,0.0,0.0
0,sz399005,6644.32,6856.56,6877.07,14630549.0,7315274.0,7315274.0,0.0,0.0,0.0,0.0,0.0,0.0,0.0,0.0,0.0,0.0,0.0,0.0,0.0,0.0,0.0,0.0,0.0,0.0,0.0,0.0,10.0,20150826104656,-212.24,-3.1,6924.17,6586.62,6649.89,14630549.0,2247539.0,0.0,0.0,4.92,0.0,0.0,0.0,-1.0,-1.0,0.0,0.0,0.0,0.0
0,sz399005,6641.82,6856.56,6877.07,14644505.0,7322252.0,7322252.0,0.0,0.0,0.0,0.0,0.0,0.0,0.0,0.0,0.0,0.0,0.0,0.0,0.0,0.0,0.0,0.0,0.0,0.0,0.0,0.0,10.0,20150826104702,-214.74,-3.13,6924.17,6586.62,6643.12,14644505.0,2249519.0,0.0,0.0,4.92,0.0,0.0,0.0,-1.0,-1.0,0.0,0.0,0.0,0.0
0,sz399005,6640.92,6856.56,6877.07,14649762.0,7324881.0,7324881.0,0.0,0.0,0.0,0.0,0.0,0.0,0.0,0.0,0.0,0.0,0.0,0.0,0.0,0.0,0.0,0.0,0.0,0.0,0.0,0.0,10.0,20150826104708,-215.64,-3.14,6924.17,6586.62,6643.12,14649762.0,2250242.0,0.0,0.0,4.92,0.0,0.0,0.0,-1.0,-1.0,0.0,0.0,0.0,0.0
0,sz399005,6637.83,6856.56,6877.07,14666849.0,7333424.0,7333424.0,0.0,0.0,0.0,0.0,0.0,0.0,0.0,0.0,0.0,0.0,0.0,0.0,0.0,0.0,0.0,0.0,0.0,0.0,0.0,0.0,10.0,20150826104714,-218.73,-3.19,6924.17,6586.62,6643.12,14666849.0,2252540.0,0.0,0.0,4.92,0.0,0.0,0.0,-1.0,-1.0,0.0,0.0,0.0,0.0
0,sz399005,6635.95,6856.56,6877.07,14671420.0,7335710.0,7335710.0,0.0,0.0,0.0,0.0,0.0,0.0,0.0,0.0,0.0,0.0,0.0,0.0,0.0,0.0,0.0,0.0,0.0,0.0,0.0,0.0,10.0,20150826104720,-220.61,-3.22,6924.17,6586.62,6643.12,14671420.0,2253329.0,0.0,0.0,4.92,0.0,0.0,0.0,-1.0,-1.0,0.0,0.0,0.0,0.0
0,sz399005,6634.99,6856.56,6877.07,14680194.0,7340097.0,7340097.0,0.0,0.0,0.0,0.0,0.0,0.0,0.0,0.0,0.0,0.0,0.0,0.0,0.0,0.0,0.0,0.0,0.0,0.0,0.0,0.0,10.0,20150826104726,-221.57,-3.23,6924.17,6586.62,6643.12,14680194.0,2254735.0,0.0,0.0,4.92,0.0,0.0,0.0,-1.0,-1.0,0.0,0.0,0.0,0.0
0,sz399005,6634.94,6856.56,6877.07,14683671.0,7341836.0,7341836.0,0.0,0.0,0.0,0.0,0.0,0.0,0.0,0.0,0.0,0.0,0.0,0.0,0.0,0.0,0.0,0.0,0.0,0.0,0.0,0.0,10.0,20150826104729,-221.62,-3.23,6924.17,6586.62,6643.12,14683671.0,2255367.0,0.0,0.0,4.92,0.0,0.0,0.0,-1.0,-1.0,0.0,0.0,0.0,0.0
0,sz399005,6633.64,6856.56,6877.07,14694894.0,7347447.0,7347447.0,0.0,0.0,0.0,0.0,0.0,0.0,0.0,0.0,0.0,0.0,0.0,0.0,0.0,0.0,0.0,0.0,0.0,0.0,0.0,0.0,10.0,20150826104738,-222.92,-3.25,6924.17,6586.62,6643.12,14694894.0,2256999.0,0.0,0.0,4.92,0.0,0.0,0.0,-1.0,-1.0,0.0,0.0,0.0,0.0
0,sz399005,6629.81,6856.56,6877.07,14709198.0,7354599.0,7354599.0,0.0,0.0,0.0,0.0,0.0,0.0,0.0,0.0,0.0,0.0,0.0,0.0,0.0,0.0,0.0,0.0,0.0,0.0,0.0,0.0,10.0,20150826104744,-226.75,-3.31,6924.17,6586.62,6643.12,14709198.0,2259070.0,0.0,0.0,4.92,0.0,0.0,0.0,-1.0,-1.0,0.0,0.0,0.0,0.0
0,sz399005,6629.61,6856.56,6877.07,14717549.0,7358774.0,7358774.0,0.0,0.0,0.0,0.0,0.0,0.0,0.0,0.0,0.0,0.0,0.0,0.0,0.0,0.0,0.0,0.0,0.0,0.0,0.0,0.0,10.0,20150826104747,-226.95,-3.31,6924.17,6586.62,6643.12,14717549.0,2260237.0,0.0,0.0,4.92,0.0,0.0,0.0,-1.0,-1.0,0.0,0.0,0.0,0.0
0,sz399005,6629.13,6856.56,6877.07,14721628.0,7360814.0,7360814.0,0.0,0.0,0.0,0.0,0.0,0.0,0.0,0.0,0.0,0.0,0.0,0.0,0.0,0.0,0.0,0.0,0.0,0.0,0.0,0.0,10.0,20150826104753,-227.43,-3.32,6924.17,6586.62,6643.12,14721628.0,2260826.0,0.0,0.0,4.92,0.0,0.0,0.0,-1.0,-1.0,0.0,0.0,0.0,0.0
0,sz399005,6626.01,6856.56,6877.07,14724903.0,7362452.0,7362452.0,0.0,0.0,0.0,0.0,0.0,0.0,0.0,0.0,0.0,0.0,0.0,0.0,0.0,0.0,0.0,0.0,0.0,0.0,0.0,0.0,10.0,20150826104759,-230.55,-3.36,6924.17,6586.62,6643.12,14724903.0,2261289.0,0.0,0.0,4.92,0.0,0.0,0.0,-1.0,-1.0,0.0,0.0,0.0,0.0
0,sz399005,6623.62,6856.56,6877.07,14739470.0,7369735.0,7369735.0,0.0,0.0,0.0,0.0,0.0,0.0,0.0,0.0,0.0,0.0,0.0,0.0,0.0,0.0,0.0,0.0,0.0,0.0,0.0,0.0,10.0,20150826104808,-232.94,-3.4,6924.17,6586.62,6625.68,14739470.0,2263569.0,0.0,0.0,4.92,0.0,0.0,0.0,-1.0,-1.0,0.0,0.0,0.0,0.0
0,sz399005,6623.14,6856.56,6877.07,14747502.0,7373751.0,7373751.0,0.0,0.0,0.0,0.0,0.0,0.0,0.0,0.0,0.0,0.0,0.0,0.0,0.0,0.0,0.0,0.0,0.0,0.0,0.0,0.0,10.0,20150826104814,-233.42,-3.4,6924.17,6586.62,6625.68,14747502.0,2264726.0,0.0,0.0,4.92,0.0,0.0,0.0,-1.0,-1.0,0.0,0.0,0.0,0.0
0,sz399005,6622.05,6856.56,6877.07,14751759.0,7375880.0,7375880.0,0.0,0.0,0.0,0.0,0.0,0.0,0.0,0.0,0.0,0.0,0.0,0.0,0.0,0.0,0.0,0.0,0.0,0.0,0.0,0.0,10.0,20150826104820,-234.51,-3.42,6924.17,6586.62,6625.68,14751759.0,2265339.0,0.0,0.0,4.92,0.0,0.0,0.0,-1.0,-1.0,0.0,0.0,0.0,0.0
0,sz399005,6619.92,6856.56,6877.07,14763090.0,7381545.0,7381545.0,0.0,0.0,0.0,0.0,0.0,0.0,0.0,0.0,0.0,0.0,0.0,0.0,0.0,0.0,0.0,0.0,0.0,0.0,0.0,0.0,10.0,20150826104826,-236.64,-3.45,6924.17,6586.62,6625.68,14763090.0,2266940.0,0.0,0.0,4.92,0.0,0.0,0.0,-1.0,-1.0,0.0,0.0,0.0,0.0
0,sz399005,6620.21,6856.56,6877.07,14771880.0,7385940.0,7385940.0,0.0,0.0,0.0,0.0,0.0,0.0,0.0,0.0,0.0,0.0,0.0,0.0,0.0,0.0,0.0,0.0,0.0,0.0,0.0,0.0,10.0,20150826104829,-236.35,-3.45,6924.17,6586.62,6625.68,14771880.0,2268280.0,0.0,0.0,4.92,0.0,0.0,0.0,-1.0,-1.0,0.0,0.0,0.0,0.0
0,sz399005,6619.81,6856.56,6877.07,14789021.0,7394510.0,7394510.0,0.0,0.0,0.0,0.0,0.0,0.0,0.0,0.0,0.0,0.0,0.0,0.0,0.0,0.0,0.0,0.0,0.0,0.0,0.0,0.0,10.0,20150826104841,-236.75,-3.45,6924.17,6586.62,6625.68,14789021.0,2270832.0,0.0,0.0,4.92,0.0,0.0,0.0,-1.0,-1.0,0.0,0.0,0.0,0.0
0,sz399005,6619.34,6856.56,6877.07,14792969.0,7396484.0,7396484.0,0.0,0.0,0.0,0.0,0.0,0.0,0.0,0.0,0.0,0.0,0.0,0.0,0.0,0.0,0.0,0.0,0.0,0.0,0.0,0.0,10.0,20150826104844,-237.23,-3.46,6924.17,6586.62,6625.68,14792969.0,2271397.0,0.0,0.0,4.92,0.0,0.0,0.0,-1.0,-1.0,0.0,0.0,0.0,0.0
0,sz399005,6619.4,6856.56,6877.07,14800292.0,7400146.0,7400146.0,0.0,0.0,0.0,0.0,0.0,0.0,0.0,0.0,0.0,0.0,0.0,0.0,0.0,0.0,0.0,0.0,0.0,0.0,0.0,0.0,10.0,20150826104850,-237.16,-3.46,6924.17,6586.62,6625.68,14800292.0,2272565.0,0.0,0.0,4.92,0.0,0.0,0.0,-1.0,-1.0,0.0,0.0,0.0,0.0
0,sz399005,6619.6,6856.56,6877.07,14816379.0,7408190.0,7408190.0,0.0,0.0,0.0,0.0,0.0,0.0,0.0,0.0,0.0,0.0,0.0,0.0,0.0,0.0,0.0,0.0,0.0,0.0,0.0,0.0,10.0,20150826104859,-236.96,-3.46,6924.17,6586.62,6625.68,14816379.0,2274663.0,0.0,0.0,4.92,0.0,0.0,0.0,-1.0,-1.0,0.0,0.0,0.0,0.0
0,sz399005,6618.34,6856.56,6877.07,14827863.0,7413932.0,7413932.0,0.0,0.0,0.0,0.0,0.0,0.0,0.0,0.0,0.0,0.0,0.0,0.0,0.0,0.0,0.0,0.0,0.0,0.0,0.0,0.0,10.0,20150826104902,-238.23,-3.47,6924.17,6586.62,6618.39,14827863.0,2276362.0,0.0,0.0,4.92,0.0,0.0,0.0,-1.0,-1.0,0.0,0.0,0.0,0.0
0,sz399005,6619.37,6856.56,6877.07,14834694.0,7417347.0,7417347.0,0.0,0.0,0.0,0.0,0.0,0.0,0.0,0.0,0.0,0.0,0.0,0.0,0.0,0.0,0.0,0.0,0.0,0.0,0.0,0.0,10.0,20150826104911,-237.19,-3.46,6924.17,6586.62,6618.39,14834694.0,2277339.0,0.0,0.0,4.92,0.0,0.0,0.0,-1.0,-1.0,0.0,0.0,0.0,0.0
0,sz399005,6618.04,6856.56,6877.07,14843957.0,7421978.0,7421978.0,0.0,0.0,0.0,0.0,0.0,0.0,0.0,0.0,0.0,0.0,0.0,0.0,0.0,0.0,0.0,0.0,0.0,0.0,0.0,0.0,10.0,20150826104917,-238.52,-3.48,6924.17,6586.62,6618.39,14843957.0,2278616.0,0.0,0.0,4.92,0.0,0.0,0.0,-1.0,-1.0,0.0,0.0,0.0,0.0
0,sz399005,6617.09,6856.56,6877.07,14855711.0,7427856.0,7427856.0,0.0,0.0,0.0,0.0,0.0,0.0,0.0,0.0,0.0,0.0,0.0,0.0,0.0,0.0,0.0,0.0,0.0,0.0,0.0,0.0,10.0,20150826104923,-239.47,-3.49,6924.17,6586.62,6618.39,14855711.0,2280393.0,0.0,0.0,4.92,0.0,0.0,0.0,-1.0,-1.0,0.0,0.0,0.0,0.0
0,sz399005,6619.25,6856.56,6877.07,14864093.0,7432046.0,7432046.0,0.0,0.0,0.0,0.0,0.0,0.0,0.0,0.0,0.0,0.0,0.0,0.0,0.0,0.0,0.0,0.0,0.0,0.0,0.0,0.0,10.0,20150826104932,-237.31,-3.46,6924.17,6586.62,6618.39,14864093.0,2281686.0,0.0,0.0,4.92,0.0,0.0,0.0,-1.0,-1.0,0.0,0.0,0.0,0.0
0,sz399005,6618.36,6856.56,6877.07,14872768.0,7436384.0,7436384.0,0.0,0.0,0.0,0.0,0.0,0.0,0.0,0.0,0.0,0.0,0.0,0.0,0.0,0.0,0.0,0.0,0.0,0.0,0.0,0.0,10.0,20150826104938,-238.2,-3.47,6924.17,6586.62,6618.39,14872768.0,2282979.0,0.0,0.0,4.92,0.0,0.0,0.0,-1.0,-1.0,0.0,0.0,0.0,0.0
0,sz399005,6620.37,6856.56,6877.07,14889695.0,7444848.0,7444848.0,0.0,0.0,0.0,0.0,0.0,0.0,0.0,0.0,0.0,0.0,0.0,0.0,0.0,0.0,0.0,0.0,0.0,0.0,0.0,0.0,10.0,20150826104944,-236.19,-3.44,6924.17,6586.62,6618.39,14889695.0,2285549.0,0.0,0.0,4.92,0.0,0.0,0.0,-1.0,-1.0,0.0,0.0,0.0,0.0
0,sz399005,6622.04,6856.56,6877.07,14905981.0,7452990.0,7452990.0,0.0,0.0,0.0,0.0,0.0,0.0,0.0,0.0,0.0,0.0,0.0,0.0,0.0,0.0,0.0,0.0,0.0,0.0,0.0,0.0,10.0,20150826104950,-234.52,-3.42,6924.17,6586.62,6618.39,14905981.0,2287645.0,0.0,0.0,4.92,0.0,0.0,0.0,-1.0,-1.0,0.0,0.0,0.0,0.0
0,sz399005,6622.36,6856.56,6877.07,14911486.0,7455743.0,7455743.0,0.0,0.0,0.0,0.0,0.0,0.0,0.0,0.0,0.0,0.0,0.0,0.0,0.0,0.0,0.0,0.0,0.0,0.0,0.0,0.0,10.0,20150826104959,-234.2,-3.42,6924.17,6586.62,6618.39,14911486.0,2288475.0,0.0,0.0,4.92,0.0,0.0,0.0,-1.0,-1.0,0.0,0.0,0.0,0.0
0,sz399005,6628.69,6856.56,6877.07,14917056.0,7458528.0,7458528.0,0.0,0.0,0.0,0.0,0.0,0.0,0.0,0.0,0.0,0.0,0.0,0.0,0.0,0.0,0.0,0.0,0.0,0.0,0.0,0.0,10.0,20150826105002,-227.88,-3.32,6924.17,6586.62,6618.39,14917056.0,2289409.0,0.0,0.0,4.92,0.0,0.0,0.0,-1.0,-1.0,0.0,0.0,0.0,0.0
0,sz399005,6632.78,6856.56,6877.07,14948304.0,7474152.0,7474152.0,0.0,0.0,0.0,0.0,0.0,0.0,0.0,0.0,0.0,0.0,0.0,0.0,0.0,0.0,0.0,0.0,0.0,0.0,0.0,0.0,10.0,20150826105020,-223.78,-3.26,6924.17,6586.62,6628.69,14948304.0,2294016.0,0.0,0.0,4.92,0.0,0.0,0.0,-1.0,-1.0,0.0,0.0,0.0,0.0
0,sz399005,6635.78,6856.56,6877.07,14955506.0,7477753.0,7477753.0,0.0,0.0,0.0,0.0,0.0,0.0,0.0,0.0,0.0,0.0,0.0,0.0,0.0,0.0,0.0,0.0,0.0,0.0,0.0,0.0,10.0,20150826105023,-220.78,-3.22,6924.17,6586.62,6628.69,14955506.0,2295120.0,0.0,0.0,4.92,0.0,0.0,0.0,-1.0,-1.0,0.0,0.0,0.0,0.0
0,sz399005,6638.04,6856.56,6877.07,14979897.0,7489948.0,7489948.0,0.0,0.0,0.0,0.0,0.0,0.0,0.0,0.0,0.0,0.0,0.0,0.0,0.0,0.0,0.0,0.0,0.0,0.0,0.0,0.0,10.0,20150826105032,-218.53,-3.19,6924.17,6586.62,6628.69,14979897.0,2298399.0,0.0,0.0,4.92,0.0,0.0,0.0,-1.0,-1.0,0.0,0.0,0.0,0.0
0,sz399005,6639.24,6856.56,6877.07,14993429.0,7496714.0,7496714.0,0.0,0.0,0.0,0.0,0.0,0.0,0.0,0.0,0.0,0.0,0.0,0.0,0.0,0.0,0.0,0.0,0.0,0.0,0.0,0.0,10.0,20150826105038,-217.32,-3.17,6924.17,6586.62,6628.69,14993429.0,2300462.0,0.0,0.0,4.92,0.0,0.0,0.0,-1.0,-1.0,0.0,0.0,0.0,0.0
0,sz399005,6644.35,6856.56,6877.07,15009705.0,7504852.0,7504852.0,0.0,0.0,0.0,0.0,0.0,0.0,0.0,0.0,0.0,0.0,0.0,0.0,0.0,0.0,0.0,0.0,0.0,0.0,0.0,0.0,10.0,20150826105047,-212.21,-3.09,6924.17,6586.62,6628.69,15009705.0,2302679.0,0.0,0.0,4.92,0.0,0.0,0.0,-1.0,-1.0,0.0,0.0,0.0,0.0
0,sz399005,6646.31,6856.56,6877.07,15025149.0,7512574.0,7512574.0,0.0,0.0,0.0,0.0,0.0,0.0,0.0,0.0,0.0,0.0,0.0,0.0,0.0,0.0,0.0,0.0,0.0,0.0,0.0,0.0,10.0,20150826105053,-210.25,-3.07,6924.17,6586.62,6628.69,15025149.0,2304839.0,0.0,0.0,4.92,0.0,0.0,0.0,-1.0,-1.0,0.0,0.0,0.0,0.0
0,sz399005,6651.38,6856.56,6877.07,15033550.0,7516775.0,7516775.0,0.0,0.0,0.0,0.0,0.0,0.0,0.0,0.0,0.0,0.0,0.0,0.0,0.0,0.0,0.0,0.0,0.0,0.0,0.0,0.0,10.0,20150826105059,-205.18,-2.99,6924.17,6586.62,6628.69,15033550.0,2306107.0,0.0,0.0,4.92,0.0,0.0,0.0,-1.0,-1.0,0.0,0.0,0.0,0.0
0,sz399005,6651.85,6856.56,6877.07,15040162.0,7520081.0,7520081.0,0.0,0.0,0.0,0.0,0.0,0.0,0.0,0.0,0.0,0.0,0.0,0.0,0.0,0.0,0.0,0.0,0.0,0.0,0.0,0.0,10.0,20150826105108,-204.71,-2.99,6924.17,6586.62,6651.38,15040162.0,2307083.0,0.0,0.0,4.92,0.0,0.0,0.0,-1.0,-1.0,0.0,0.0,0.0,0.0
0,sz399005,6656.08,6856.56,6877.07,15058156.0,7529078.0,7529078.0,0.0,0.0,0.0,0.0,0.0,0.0,0.0,0.0,0.0,0.0,0.0,0.0,0.0,0.0,0.0,0.0,0.0,0.0,0.0,0.0,10.0,20150826105114,-200.48,-2.92,6924.17,6586.62,6651.38,15058156.0,2309897.0,0.0,0.0,4.92,0.0,0.0,0.0,-1.0,-1.0,0.0,0.0,0.0,0.0
0,sz399005,6660.72,6856.56,6877.07,15071594.0,7535797.0,7535797.0,0.0,0.0,0.0,0.0,0.0,0.0,0.0,0.0,0.0,0.0,0.0,0.0,0.0,0.0,0.0,0.0,0.0,0.0,0.0,0.0,10.0,20150826105123,-195.84,-2.86,6924.17,6586.62,6651.38,15071594.0,2312286.0,0.0,0.0,4.92,0.0,0.0,0.0,-1.0,-1.0,0.0,0.0,0.0,0.0
0,sz399005,6662.27,6856.56,6877.07,15084599.0,7542300.0,7542300.0,0.0,0.0,0.0,0.0,0.0,0.0,0.0,0.0,0.0,0.0,0.0,0.0,0.0,0.0,0.0,0.0,0.0,0.0,0.0,0.0,10.0,20150826105132,-194.29,-2.83,6924.17,6586.62,6651.38,15084599.0,2314061.0,0.0,0.0,4.92,0.0,0.0,0.0,-1.0,-1.0,0.0,0.0,0.0,0.0
0,sz399005,6666.57,6856.56,6877.07,15094866.0,7547433.0,7547433.0,0.0,0.0,0.0,0.0,0.0,0.0,0.0,0.0,0.0,0.0,0.0,0.0,0.0,0.0,0.0,0.0,0.0,0.0,0.0,0.0,10.0,20150826105138,-189.99,-2.77,6924.17,6586.62,6651.38,15094866.0,2315608.0,0.0,0.0,4.92,0.0,0.0,0.0,-1.0,-1.0,0.0,0.0,0.0,0.0
0,sz399005,6670.06,6856.56,6877.07,15111625.0,7555812.0,7555812.0,0.0,0.0,0.0,0.0,0.0,0.0,0.0,0.0,0.0,0.0,0.0,0.0,0.0,0.0,0.0,0.0,0.0,0.0,0.0,0.0,10.0,20150826105147,-186.51,-2.72,6924.17,6586.62,6651.38,15111625.0,2318155.0,0.0,0.0,4.92,0.0,0.0,0.0,-1.0,-1.0,0.0,0.0,0.0,0.0
0,sz399005,6673.77,6856.56,6877.07,15122646.0,7561323.0,7561323.0,0.0,0.0,0.0,0.0,0.0,0.0,0.0,0.0,0.0,0.0,0.0,0.0,0.0,0.0,0.0,0.0,0.0,0.0,0.0,0.0,10.0,20150826105153,-182.8,-2.67,6924.17,6586.62,6651.38,15122646.0,2319901.0,0.0,0.0,4.92,0.0,0.0,0.0,-1.0,-1.0,0.0,0.0,0.0,0.0
0,sz399005,6676.94,6856.56,6877.07,15134686.0,7567343.0,7567343.0,0.0,0.0,0.0,0.0,0.0,0.0,0.0,0.0,0.0,0.0,0.0,0.0,0.0,0.0,0.0,0.0,0.0,0.0,0.0,0.0,10.0,20150826105202,-179.62,-2.62,6924.17,6586.62,6674.58,15134686.0,2321895.0,0.0,0.0,4.92,0.0,0.0,0.0,-1.0,-1.0,0.0,0.0,0.0,0.0
0,sz399005,6682.2,6856.56,6877.07,15153561.0,7576780.0,7576780.0,0.0,0.0,0.0,0.0,0.0,0.0,0.0,0.0,0.0,0.0,0.0,0.0,0.0,0.0,0.0,0.0,0.0,0.0,0.0,0.0,10.0,20150826105208,-174.36,-2.54,6924.17,6586.62,6674.58,15153561.0,2324719.0,0.0,0.0,4.92,0.0,0.0,0.0,-1.0,-1.0,0.0,0.0,0.0,0.0
0,sz399005,6684.07,6856.56,6877.07,15158435.0,7579218.0,7579218.0,0.0,0.0,0.0,0.0,0.0,0.0,0.0,0.0,0.0,0.0,0.0,0.0,0.0,0.0,0.0,0.0,0.0,0.0,0.0,0.0,10.0,20150826105217,-172.5,-2.52,6924.17,6586.62,6674.58,15158435.0,2325450.0,0.0,0.0,4.92,0.0,0.0,0.0,-1.0,-1.0,0.0,0.0,0.0,0.0
0,sz399005,6685.5,6856.56,6877.07,15164700.0,7582350.0,7582350.0,0.0,0.0,0.0,0.0,0.0,0.0,0.0,0.0,0.0,0.0,0.0,0.0,0.0,0.0,0.0,0.0,0.0,0.0,0.0,0.0,10.0,20150826105223,-171.06,-2.49,6924.17,6586.62,6674.58,15164700.0,2326472.0,0.0,0.0,4.92,0.0,0.0,0.0,-1.0,-1.0,0.0,0.0,0.0,0.0
0,sz399005,6688.72,6856.56,6877.07,15192468.0,7596234.0,7596234.0,0.0,0.0,0.0,0.0,0.0,0.0,0.0,0.0,0.0,0.0,0.0,0.0,0.0,0.0,0.0,0.0,0.0,0.0,0.0,0.0,10.0,20150826105232,-167.84,-2.45,6924.17,6586.62,6674.58,15192468.0,2331096.0,0.0,0.0,4.92,0.0,0.0,0.0,-1.0,-1.0,0.0,0.0,0.0,0.0
0,sz399005,6689.88,6856.56,6877.07,15202594.0,7601297.0,7601297.0,0.0,0.0,0.0,0.0,0.0,0.0,0.0,0.0,0.0,0.0,0.0,0.0,0.0,0.0,0.0,0.0,0.0,0.0,0.0,0.0,10.0,20150826105241,-166.68,-2.43,6924.17,6586.62,6674.58,15202594.0,2332554.0,0.0,0.0,4.92,0.0,0.0,0.0,-1.0,-1.0,0.0,0.0,0.0,0.0
0,sz399005,6692.02,6856.56,6877.07,15213741.0,7606870.0,7606870.0,0.0,0.0,0.0,0.0,0.0,0.0,0.0,0.0,0.0,0.0,0.0,0.0,0.0,0.0,0.0,0.0,0.0,0.0,0.0,0.0,10.0,20150826105250,-164.54,-2.4,6924.17,6586.62,6674.58,15213741.0,2334321.0,0.0,0.0,4.92,0.0,0.0,0.0,-1.0,-1.0,0.0,0.0,0.0,0.0
0,sz399005,6692.76,6856.56,6877.07,15229898.0,7614949.0,7614949.0,0.0,0.0,0.0,0.0,0.0,0.0,0.0,0.0,0.0,0.0,0.0,0.0,0.0,0.0,0.0,0.0,0.0,0.0,0.0,0.0,10.0,20150826105259,-163.8,-2.39,6924.17,6586.62,6674.58,15229898.0,2336995.0,0.0,0.0,4.92,0.0,0.0,0.0,-1.0,-1.0,0.0,0.0,0.0,0.0
0,sz399005,6690.01,6856.56,6877.07,15243081.0,7621540.0,7621540.0,0.0,0.0,0.0,0.0,0.0,0.0,0.0,0.0,0.0,0.0,0.0,0.0,0.0,0.0,0.0,0.0,0.0,0.0,0.0,0.0,10.0,20150826105305,-166.55,-2.43,6924.17,6586.62,6691.08,15243081.0,2339003.0,0.0,0.0,4.92,0.0,0.0,0.0,-1.0,-1.0,0.0,0.0,0.0,0.0
0,sz399005,6691.49,6856.56,6877.07,15261324.0,7630662.0,7630662.0,0.0,0.0,0.0,0.0,0.0,0.0,0.0,0.0,0.0,0.0,0.0,0.0,0.0,0.0,0.0,0.0,0.0,0.0,0.0,0.0,10.0,20150826105314,-165.07,-2.41,6924.17,6586.62,6691.08,15261324.0,2341639.0,0.0,0.0,4.92,0.0,0.0,0.0,-1.0,-1.0,0.0,0.0,0.0,0.0
0,sz399005,6690.57,6856.56,6877.07,15287051.0,7643526.0,7643526.0,0.0,0.0,0.0,0.0,0.0,0.0,0.0,0.0,0.0,0.0,0.0,0.0,0.0,0.0,0.0,0.0,0.0,0.0,0.0,0.0,10.0,20150826105320,-165.99,-2.42,6924.17,6586.62,6691.08,15287051.0,2346128.0,0.0,0.0,4.92,0.0,0.0,0.0,-1.0,-1.0,0.0,0.0,0.0,0.0
0,sz399005,6691.37,6856.56,6877.07,15303789.0,7651894.0,7651894.0,0.0,0.0,0.0,0.0,0.0,0.0,0.0,0.0,0.0,0.0,0.0,0.0,0.0,0.0,0.0,0.0,0.0,0.0,0.0,0.0,10.0,20150826105332,-165.19,-2.41,6924.17,6586.62,6691.08,15303789.0,2349064.0,0.0,0.0,4.92,0.0,0.0,0.0,-1.0,-1.0,0.0,0.0,0.0,0.0
0,sz399005,6692.58,6856.56,6877.07,15314213.0,7657106.0,7657106.0,0.0,0.0,0.0,0.0,0.0,0.0,0.0,0.0,0.0,0.0,0.0,0.0,0.0,0.0,0.0,0.0,0.0,0.0,0.0,0.0,10.0,20150826105338,-163.98,-2.39,6924.17,6586.62,6691.08,15314213.0,2350728.0,0.0,0.0,4.92,0.0,0.0,0.0,-1.0,-1.0,0.0,0.0,0.0,0.0
0,sz399005,6691.47,6856.56,6877.07,15325241.0,7662620.0,7662620.0,0.0,0.0,0.0,0.0,0.0,0.0,0.0,0.0,0.0,0.0,0.0,0.0,0.0,0.0,0.0,0.0,0.0,0.0,0.0,0.0,10.0,20150826105347,-165.09,-2.41,6924.17,6586.62,6691.08,15325241.0,2352451.0,0.0,0.0,4.92,0.0,0.0,0.0,-1.0,-1.0,0.0,0.0,0.0,0.0
0,sz399005,6690.38,6856.56,6877.07,15338273.0,7669136.0,7669136.0,0.0,0.0,0.0,0.0,0.0,0.0,0.0,0.0,0.0,0.0,0.0,0.0,0.0,0.0,0.0,0.0,0.0,0.0,0.0,0.0,10.0,20150826105356,-166.18,-2.42,6924.17,6586.62,6691.08,15338273.0,2354558.0,0.0,0.0,4.92,0.0,0.0,0.0,-1.0,-1.0,0.0,0.0,0.0,0.0
0,sz399005,6690.67,6856.56,6877.07,15347204.0,7673602.0,7673602.0,0.0,0.0,0.0,0.0,0.0,0.0,0.0,0.0,0.0,0.0,0.0,0.0,0.0,0.0,0.0,0.0,0.0,0.0,0.0,0.0,10.0,20150826105405,-165.89,-2.42,6924.17,6586.62,6691.68,15347204.0,2356121.0,0.0,0.0,4.92,0.0,0.0,0.0,-1.0,-1.0,0.0,0.0,0.0,0.0
0,sz399005,6688.95,6856.56,6877.07,15361772.0,7680886.0,7680886.0,0.0,0.0,0.0,0.0,0.0,0.0,0.0,0.0,0.0,0.0,0.0,0.0,0.0,0.0,0.0,0.0,0.0,0.0,0.0,0.0,10.0,20150826105414,-167.61,-2.44,6924.17,6586.62,6691.68,15361772.0,2358287.0,0.0,0.0,4.92,0.0,0.0,0.0,-1.0,-1.0,0.0,0.0,0.0,0.0
0,sz399005,6686.41,6856.56,6877.07,15378517.0,7689258.0,7689258.0,0.0,0.0,0.0,0.0,0.0,0.0,0.0,0.0,0.0,0.0,0.0,0.0,0.0,0.0,0.0,0.0,0.0,0.0,0.0,0.0,10.0,20150826105420,-170.15,-2.48,6924.17,6586.62,6691.68,15378517.0,2360332.0,0.0,0.0,4.92,0.0,0.0,0.0,-1.0,-1.0,0.0,0.0,0.0,0.0
0,sz399005,6687.59,6856.56,6877.07,15533248.0,7766624.0,7766624.0,0.0,0.0,0.0,0.0,0.0,0.0,0.0,0.0,0.0,0.0,0.0,0.0,0.0,0.0,0.0,0.0,0.0,0.0,0.0,0.0,10.0,20150826105429,-168.97,-2.46,6924.17,6586.62,6691.68,15533248.0,2374586.0,0.0,0.0,4.92,0.0,0.0,0.0,-1.0,-1.0,0.0,0.0,0.0,0.0
0,sz399005,6686.41,6856.56,6877.07,15547970.0,7773985.0,7773985.0,0.0,0.0,0.0,0.0,0.0,0.0,0.0,0.0,0.0,0.0,0.0,0.0,0.0,0.0,0.0,0.0,0.0,0.0,0.0,0.0,10.0,20150826105438,-170.15,-2.48,6924.17,6586.62,6691.68,15547970.0,2376727.0,0.0,0.0,4.92,0.0,0.0,0.0,-1.0,-1.0,0.0,0.0,0.0,0.0
0,sz399005,6687.46,6856.56,6877.07,15566277.0,7783138.0,7783138.0,0.0,0.0,0.0,0.0,0.0,0.0,0.0,0.0,0.0,0.0,0.0,0.0,0.0,0.0,0.0,0.0,0.0,0.0,0.0,0.0,10.0,20150826105447,-169.1,-2.47,6924.17,6586.62,6691.68,15566277.0,2379176.0,0.0,0.0,4.92,0.0,0.0,0.0,-1.0,-1.0,0.0,0.0,0.0,0.0
0,sz399005,6687.69,6856.56,6877.07,15573073.0,7786536.0,7786536.0,0.0,0.0,0.0,0.0,0.0,0.0,0.0,0.0,0.0,0.0,0.0,0.0,0.0,0.0,0.0,0.0,0.0,0.0,0.0,0.0,10.0,20150826105456,-168.87,-2.46,6924.17,6586.62,6691.68,15573073.0,2380090.0,0.0,0.0,4.92,0.0,0.0,0.0,-1.0,-1.0,0.0,0.0,0.0,0.0
0,sz399005,6688.41,6856.56,6877.07,15596962.0,7798481.0,7798481.0,0.0,0.0,0.0,0.0,0.0,0.0,0.0,0.0,0.0,0.0,0.0,0.0,0.0,0.0,0.0,0.0,0.0,0.0,0.0,0.0,10.0,20150826105505,-168.15,-2.45,6924.17,6586.62,6687.9,15596962.0,2383314.0,0.0,0.0,4.92,0.0,0.0,0.0,-1.0,-1.0,0.0,0.0,0.0,0.0
0,sz399005,6691.3,6856.56,6877.07,15608939.0,7804470.0,7804470.0,0.0,0.0,0.0,0.0,0.0,0.0,0.0,0.0,0.0,0.0,0.0,0.0,0.0,0.0,0.0,0.0,0.0,0.0,0.0,0.0,10.0,20150826105514,-165.26,-2.41,6924.17,6586.62,6687.9,15608939.0,2385044.0,0.0,0.0,4.92,0.0,0.0,0.0,-1.0,-1.0,0.0,0.0,0.0,0.0
0,sz399005,6697.55,6856.56,6877.07,15634814.0,7817407.0,7817407.0,0.0,0.0,0.0,0.0,0.0,0.0,0.0,0.0,0.0,0.0,0.0,0.0,0.0,0.0,0.0,0.0,0.0,0.0,0.0,0.0,10.0,20150826105523,-159.01,-2.32,6924.17,6586.62,6687.9,15634814.0,2388587.0,0.0,0.0,4.92,0.0,0.0,0.0,-1.0,-1.0,0.0,0.0,0.0,0.0
0,sz399005,6703.97,6856.56,6877.07,15667377.0,7833688.0,7833688.0,0.0,0.0,0.0,0.0,0.0,0.0,0.0,0.0,0.0,0.0,0.0,0.0,0.0,0.0,0.0,0.0,0.0,0.0,0.0,0.0,10.0,20150826105529,-152.6,-2.23,6924.17,6586.62,6687.9,15667377.0,2393155.0,0.0,0.0,4.92,0.0,0.0,0.0,-1.0,-1.0,0.0,0.0,0.0,0.0
0,sz399005,6704.88,6856.56,6877.07,15684556.0,7842278.0,7842278.0,0.0,0.0,0.0,0.0,0.0,0.0,0.0,0.0,0.0,0.0,0.0,0.0,0.0,0.0,0.0,0.0,0.0,0.0,0.0,0.0,10.0,20150826105541,-151.68,-2.21,6924.17,6586.62,6687.9,15684556.0,2395681.0,0.0,0.0,4.92,0.0,0.0,0.0,-1.0,-1.0,0.0,0.0,0.0,0.0
0,sz399005,6710.04,6856.56,6877.07,15708585.0,7854292.0,7854292.0,0.0,0.0,0.0,0.0,0.0,0.0,0.0,0.0,0.0,0.0,0.0,0.0,0.0,0.0,0.0,0.0,0.0,0.0,0.0,0.0,10.0,20150826105550,-146.52,-2.14,6924.17,6586.62,6687.9,15708585.0,2399356.0,0.0,0.0,4.92,0.0,0.0,0.0,-1.0,-1.0,0.0,0.0,0.0,0.0
0,sz399005,6712.16,6856.56,6877.07,15733870.0,7866935.0,7866935.0,0.0,0.0,0.0,0.0,0.0,0.0,0.0,0.0,0.0,0.0,0.0,0.0,0.0,0.0,0.0,0.0,0.0,0.0,0.0,0.0,10.0,20150826105559,-144.4,-2.11,6924.17,6586.62,6687.9,15733870.0,2403253.0,0.0,0.0,4.92,0.0,0.0,0.0,-1.0,-1.0,0.0,0.0,0.0,0.0
0,sz399005,6717.73,6856.56,6877.07,15765542.0,7882771.0,7882771.0,0.0,0.0,0.0,0.0,0.0,0.0,0.0,0.0,0.0,0.0,0.0,0.0,0.0,0.0,0.0,0.0,0.0,0.0,0.0,0.0,10.0,20150826105608,-138.83,-2.02,6924.17,6586.62,6712.16,15765542.0,2408107.0,0.0,0.0,4.92,0.0,0.0,0.0,-1.0,-1.0,0.0,0.0,0.0,0.0
0,sz399005,6720.46,6856.56,6877.07,15784359.0,7892180.0,7892180.0,0.0,0.0,0.0,0.0,0.0,0.0,0.0,0.0,0.0,0.0,0.0,0.0,0.0,0.0,0.0,0.0,0.0,0.0,0.0,0.0,10.0,20150826105617,-136.1,-1.98,6924.17,6586.62,6712.16,15784359.0,2410663.0,0.0,0.0,4.92,0.0,0.0,0.0,-1.0,-1.0,0.0,0.0,0.0,0.0
0,sz399005,6726.67,6856.56,6877.07,15798912.0,7899456.0,7899456.0,0.0,0.0,0.0,0.0,0.0,0.0,0.0,0.0,0.0,0.0,0.0,0.0,0.0,0.0,0.0,0.0,0.0,0.0,0.0,0.0,10.0,20150826105626,-129.89,-1.89,6924.17,6586.62,6712.16,15798912.0,2412704.0,0.0,0.0,4.92,0.0,0.0,0.0,-1.0,-1.0,0.0,0.0,0.0,0.0
0,sz399005,6734.94,6856.56,6877.07,15825933.0,7912966.0,7912966.0,0.0,0.0,0.0,0.0,0.0,0.0,0.0,0.0,0.0,0.0,0.0,0.0,0.0,0.0,0.0,0.0,0.0,0.0,0.0,0.0,10.0,20150826105635,-121.62,-1.77,6924.17,6586.62,6712.16,15825933.0,2416627.0,0.0,0.0,4.92,0.0,0.0,0.0,-1.0,-1.0,0.0,0.0,0.0,0.0
0,sz399005,6740.27,6856.56,6877.07,15846882.0,7923441.0,7923441.0,0.0,0.0,0.0,0.0,0.0,0.0,0.0,0.0,0.0,0.0,0.0,0.0,0.0,0.0,0.0,0.0,0.0,0.0,0.0,0.0,10.0,20150826105644,-116.29,-1.7,6924.17,6586.62,6712.16,15846882.0,2419743.0,0.0,0.0,4.92,0.0,0.0,0.0,-1.0,-1.0,0.0,0.0,0.0,0.0
0,sz399005,6742.62,6856.56,6877.07,15863781.0,7931890.0,7931890.0,0.0,0.0,0.0,0.0,0.0,0.0,0.0,0.0,0.0,0.0,0.0,0.0,0.0,0.0,0.0,0.0,0.0,0.0,0.0,0.0,10.0,20150826105653,-113.94,-1.66,6924.17,6586.62,6712.16,15863781.0,2422276.0,0.0,0.0,4.92,0.0,0.0,0.0,-1.0,-1.0,0.0,0.0,0.0,0.0
0,sz399005,6744.86,6856.56,6877.07,15883499.0,7941750.0,7941750.0,0.0,0.0,0.0,0.0,0.0,0.0,0.0,0.0,0.0,0.0,0.0,0.0,0.0,0.0,0.0,0.0,0.0,0.0,0.0,0.0,10.0,20150826105702,-111.7,-1.63,6924.17,6586.62,6712.16,15883499.0,2425164.0,0.0,0.0,4.92,0.0,0.0,0.0,-1.0,-1.0,0.0,0.0,0.0,0.0
0,sz399005,6747.72,6856.56,6877.07,15903561.0,7951780.0,7951780.0,0.0,0.0,0.0,0.0,0.0,0.0,0.0,0.0,0.0,0.0,0.0,0.0,0.0,0.0,0.0,0.0,0.0,0.0,0.0,0.0,10.0,20150826105711,-108.84,-1.59,6924.17,6586.62,6744.86,15903561.0,2428135.0,0.0,0.0,4.92,0.0,0.0,0.0,-1.0,-1.0,0.0,0.0,0.0,0.0
0,sz399005,6749.36,6856.56,6877.07,15919660.0,7959830.0,7959830.0,0.0,0.0,0.0,0.0,0.0,0.0,0.0,0.0,0.0,0.0,0.0,0.0,0.0,0.0,0.0,0.0,0.0,0.0,0.0,0.0,10.0,20150826105720,-107.2,-1.56,6924.17,6586.62,6744.86,15919660.0,2430596.0,0.0,0.0,4.92,0.0,0.0,0.0,-1.0,-1.0,0.0,0.0,0.0,0.0
0,sz399005,6751.45,6856.56,6877.07,15941228.0,7970614.0,7970614.0,0.0,0.0,0.0,0.0,0.0,0.0,0.0,0.0,0.0,0.0,0.0,0.0,0.0,0.0,0.0,0.0,0.0,0.0,0.0,0.0,10.0,20150826105732,-105.11,-1.53,6924.17,6586.62,6744.86,15941228.0,2434136.0,0.0,0.0,4.92,0.0,0.0,0.0,-1.0,-1.0,0.0,0.0,0.0,0.0
0,sz399005,6753.74,6856.56,6877.07,15965606.0,7982803.0,7982803.0,0.0,0.0,0.0,0.0,0.0,0.0,0.0,0.0,0.0,0.0,0.0,0.0,0.0,0.0,0.0,0.0,0.0,0.0,0.0,0.0,10.0,20150826105741,-102.82,-1.5,6924.17,6586.62,6744.86,15965606.0,2438167.0,0.0,0.0,4.92,0.0,0.0,0.0,-1.0,-1.0,0.0,0.0,0.0,0.0
0,sz399005,6758.35,6856.56,6877.07,16002507.0,8001254.0,8001254.0,0.0,0.0,0.0,0.0,0.0,0.0,0.0,0.0,0.0,0.0,0.0,0.0,0.0,0.0,0.0,0.0,0.0,0.0,0.0,0.0,10.0,20150826105750,-98.21,-1.43,6924.17,6586.62,6744.86,16002507.0,2443410.0,0.0,0.0,4.92,0.0,0.0,0.0,-1.0,-1.0,0.0,0.0,0.0,0.0
0,sz399005,6760.41,6856.56,6877.07,16030544.0,8015272.0,8015272.0,0.0,0.0,0.0,0.0,0.0,0.0,0.0,0.0,0.0,0.0,0.0,0.0,0.0,0.0,0.0,0.0,0.0,0.0,0.0,0.0,10.0,20150826105756,-96.15,-1.4,6924.17,6586.62,6744.86,16030544.0,2446837.0,0.0,0.0,4.92,0.0,0.0,0.0,-1.0,-1.0,0.0,0.0,0.0,0.0
0,sz399005,6762.97,6856.56,6877.07,16047907.0,8023954.0,8023954.0,0.0,0.0,0.0,0.0,0.0,0.0,0.0,0.0,0.0,0.0,0.0,0.0,0.0,0.0,0.0,0.0,0.0,0.0,0.0,0.0,10.0,20150826105808,-93.6,-1.37,6924.17,6586.62,6762.0,16047907.0,2449615.0,0.0,0.0,4.92,0.0,0.0,0.0,-1.0,-1.0,0.0,0.0,0.0,0.0
0,sz399005,6766.49,6856.56,6877.07,16069133.0,8034566.0,8034566.0,0.0,0.0,0.0,0.0,0.0,0.0,0.0,0.0,0.0,0.0,0.0,0.0,0.0,0.0,0.0,0.0,0.0,0.0,0.0,0.0,10.0,20150826105817,-90.07,-1.31,6924.17,6586.62,6762.0,16069133.0,2452860.0,0.0,0.0,4.92,0.0,0.0,0.0,-1.0,-1.0,0.0,0.0,0.0,0.0
0,sz399005,6767.12,6856.56,6877.07,16089966.0,8044983.0,8044983.0,0.0,0.0,0.0,0.0,0.0,0.0,0.0,0.0,0.0,0.0,0.0,0.0,0.0,0.0,0.0,0.0,0.0,0.0,0.0,0.0,10.0,20150826105826,-89.44,-1.3,6924.17,6586.62,6762.0,16089966.0,2455823.0,0.0,0.0,4.92,0.0,0.0,0.0,-1.0,-1.0,0.0,0.0,0.0,0.0
0,sz399005,6769.88,6856.56,6877.07,16108379.0,8054190.0,8054190.0,0.0,0.0,0.0,0.0,0.0,0.0,0.0,0.0,0.0,0.0,0.0,0.0,0.0,0.0,0.0,0.0,0.0,0.0,0.0,0.0,10.0,20150826105835,-86.68,-1.26,6924.17,6586.62,6762.0,16108379.0,2458721.0,0.0,0.0,4.92,0.0,0.0,0.0,-1.0,-1.0,0.0,0.0,0.0,0.0
0,sz399005,6769.19,6856.56,6877.07,16124871.0,8062436.0,8062436.0,0.0,0.0,0.0,0.0,0.0,0.0,0.0,0.0,0.0,0.0,0.0,0.0,0.0,0.0,0.0,0.0,0.0,0.0,0.0,0.0,10.0,20150826105847,-87.37,-1.27,6924.17,6586.62,6762.0,16124871.0,2461363.0,0.0,0.0,4.92,0.0,0.0,0.0,-1.0,-1.0,0.0,0.0,0.0,0.0
0,sz399005,6767.25,6856.56,6877.07,16136397.0,8068198.0,8068198.0,0.0,0.0,0.0,0.0,0.0,0.0,0.0,0.0,0.0,0.0,0.0,0.0,0.0,0.0,0.0,0.0,0.0,0.0,0.0,0.0,10.0,20150826105856,-89.31,-1.3,6924.17,6586.62,6762.0,16136397.0,2463225.0,0.0,0.0,4.92,0.0,0.0,0.0,-1.0,-1.0,0.0,0.0,0.0,0.0
0,sz399005,6763.99,6856.56,6877.07,16166779.0,8083390.0,8083390.0,0.0,0.0,0.0,0.0,0.0,0.0,0.0,0.0,0.0,0.0,0.0,0.0,0.0,0.0,0.0,0.0,0.0,0.0,0.0,0.0,10.0,20150826105906,-92.57,-1.35,6924.17,6586.62,6765.24,16166779.0,2467676.0,0.0,0.0,4.92,0.0,0.0,0.0,-1.0,-1.0,0.0,0.0,0.0,0.0
0,sz399005,6763.55,6856.56,6877.07,16180079.0,8090040.0,8090040.0,0.0,0.0,0.0,0.0,0.0,0.0,0.0,0.0,0.0,0.0,0.0,0.0,0.0,0.0,0.0,0.0,0.0,0.0,0.0,0.0,10.0,20150826105914,-93.01,-1.36,6924.17,6586.62,6765.24,16180079.0,2470100.0,0.0,0.0,4.92,0.0,0.0,0.0,-1.0,-1.0,0.0,0.0,0.0,0.0
0,sz399005,6759.12,6856.56,6877.07,16210843.0,8105422.0,8105422.0,0.0,0.0,0.0,0.0,0.0,0.0,0.0,0.0,0.0,0.0,0.0,0.0,0.0,0.0,0.0,0.0,0.0,0.0,0.0,0.0,10.0,20150826105926,-97.44,-1.42,6924.17,6586.62,6765.24,16210843.0,2475171.0,0.0,0.0,4.92,0.0,0.0,0.0,-1.0,-1.0,0.0,0.0,0.0,0.0
0,sz399005,6749.71,6856.56,6877.07,16231524.0,8115762.0,8115762.0,0.0,0.0,0.0,0.0,0.0,0.0,0.0,0.0,0.0,0.0,0.0,0.0,0.0,0.0,0.0,0.0,0.0,0.0,0.0,0.0,10.0,20150826105935,-106.86,-1.56,6924.17,6586.62,6765.24,16231524.0,2478295.0,0.0,0.0,4.92,0.0,0.0,0.0,-1.0,-1.0,0.0,0.0,0.0,0.0
0,sz399005,6745.74,6856.56,6877.07,16245043.0,8122522.0,8122522.0,0.0,0.0,0.0,0.0,0.0,0.0,0.0,0.0,0.0,0.0,0.0,0.0,0.0,0.0,0.0,0.0,0.0,0.0,0.0,0.0,10.0,20150826105945,-110.82,-1.62,6924.17,6586.62,6765.24,16245043.0,2480511.0,0.0,0.0,4.92,0.0,0.0,0.0,-1.0,-1.0,0.0,0.0,0.0,0.0
0,sz399005,6742.59,6856.56,6877.07,16263274.0,8131637.0,8131637.0,0.0,0.0,0.0,0.0,0.0,0.0,0.0,0.0,0.0,0.0,0.0,0.0,0.0,0.0,0.0,0.0,0.0,0.0,0.0,0.0,10.0,20150826105956,-113.97,-1.66,6924.17,6586.62,6765.24,16263274.0,2483223.0,0.0,0.0,4.92,0.0,0.0,0.0,-1.0,-1.0,0.0,0.0,0.0,0.0
0,sz399005,6740.08,6856.56,6877.07,16278467.0,8139234.0,8139234.0,0.0,0.0,0.0,0.0,0.0,0.0,0.0,0.0,0.0,0.0,0.0,0.0,0.0,0.0,0.0,0.0,0.0,0.0,0.0,0.0,11.0,20150826110005,-116.49,-1.7,6924.17,6586.62,6739.8,16278467.0,2485566.0,0.0,0.0,4.92,0.0,0.0,0.0,-1.0,-1.0,0.0,0.0,0.0,0.0
0,sz399005,6735.22,6856.56,6877.07,16286946.0,8143473.0,8143473.0,0.0,0.0,0.0,0.0,0.0,0.0,0.0,0.0,0.0,0.0,0.0,0.0,0.0,0.0,0.0,0.0,0.0,0.0,0.0,0.0,11.0,20150826110015,-121.34,-1.77,6924.17,6586.62,6739.8,16286946.0,2486921.0,0.0,0.0,4.92,0.0,0.0,0.0,-1.0,-1.0,0.0,0.0,0.0,0.0
0,sz399005,6730.64,6856.56,6877.07,16304797.0,8152398.0,8152398.0,0.0,0.0,0.0,0.0,0.0,0.0,0.0,0.0,0.0,0.0,0.0,0.0,0.0,0.0,0.0,0.0,0.0,0.0,0.0,0.0,11.0,20150826110024,-125.92,-1.84,6924.17,6586.62,6739.8,16304797.0,2489568.0,0.0,0.0,4.92,0.0,0.0,0.0,-1.0,-1.0,0.0,0.0,0.0,0.0
0,sz399005,6726.96,6856.56,6877.07,16313432.0,8156716.0,8156716.0,0.0,0.0,0.0,0.0,0.0,0.0,0.0,0.0,0.0,0.0,0.0,0.0,0.0,0.0,0.0,0.0,0.0,0.0,0.0,0.0,11.0,20150826110035,-129.6,-1.89,6924.17,6586.62,6739.8,16313432.0,2490835.0,0.0,0.0,4.92,0.0,0.0,0.0,-1.0,-1.0,0.0,0.0,0.0,0.0
0,sz399005,6723.7,6856.56,6877.07,16331175.0,8165588.0,8165588.0,0.0,0.0,0.0,0.0,0.0,0.0,0.0,0.0,0.0,0.0,0.0,0.0,0.0,0.0,0.0,0.0,0.0,0.0,0.0,0.0,11.0,20150826110045,-132.86,-1.94,6924.17,6586.62,6739.8,16331175.0,2493627.0,0.0,0.0,4.92,0.0,0.0,0.0,-1.0,-1.0,0.0,0.0,0.0,0.0
0,sz399005,6721.1,6856.56,6877.07,16348504.0,8174252.0,8174252.0,0.0,0.0,0.0,0.0,0.0,0.0,0.0,0.0,0.0,0.0,0.0,0.0,0.0,0.0,0.0,0.0,0.0,0.0,0.0,0.0,11.0,20150826110056,-135.46,-1.98,6924.17,6586.62,6739.8,16348504.0,2496076.0,0.0,0.0,4.92,0.0,0.0,0.0,-1.0,-1.0,0.0,0.0,0.0,0.0
0,sz399005,6718.58,6856.56,6877.07,16360352.0,8180176.0,8180176.0,0.0,0.0,0.0,0.0,0.0,0.0,0.0,0.0,0.0,0.0,0.0,0.0,0.0,0.0,0.0,0.0,0.0,0.0,0.0,0.0,11.0,20150826110106,-137.98,-2.01,6924.17,6586.62,6721.1,16360352.0,2497997.0,0.0,0.0,4.92,0.0,0.0,0.0,-1.0,-1.0,0.0,0.0,0.0,0.0
0,sz399005,6718.37,6856.56,6877.07,16372763.0,8186382.0,8186382.0,0.0,0.0,0.0,0.0,0.0,0.0,0.0,0.0,0.0,0.0,0.0,0.0,0.0,0.0,0.0,0.0,0.0,0.0,0.0,0.0,11.0,20150826110115,-138.19,-2.02,6924.17,6586.62,6721.1,16372763.0,2499917.0,0.0,0.0,4.92,0.0,0.0,0.0,-1.0,-1.0,0.0,0.0,0.0,0.0
0,sz399005,6715.9,6856.56,6877.07,16383619.0,8191810.0,8191810.0,0.0,0.0,0.0,0.0,0.0,0.0,0.0,0.0,0.0,0.0,0.0,0.0,0.0,0.0,0.0,0.0,0.0,0.0,0.0,0.0,11.0,20150826110129,-140.66,-2.05,6924.17,6586.62,6721.1,16383619.0,2501522.0,0.0,0.0,4.92,0.0,0.0,0.0,-1.0,-1.0,0.0,0.0,0.0,0.0
0,sz399005,6714.64,6856.56,6877.07,16406194.0,8203097.0,8203097.0,0.0,0.0,0.0,0.0,0.0,0.0,0.0,0.0,0.0,0.0,0.0,0.0,0.0,0.0,0.0,0.0,0.0,0.0,0.0,0.0,11.0,20150826110138,-141.92,-2.07,6924.17,6586.62,6721.1,16406194.0,2505629.0,0.0,0.0,4.92,0.0,0.0,0.0,-1.0,-1.0,0.0,0.0,0.0,0.0
0,sz399005,6714.44,6856.56,6877.07,16413745.0,8206872.0,8206872.0,0.0,0.0,0.0,0.0,0.0,0.0,0.0,0.0,0.0,0.0,0.0,0.0,0.0,0.0,0.0,0.0,0.0,0.0,0.0,0.0,11.0,20150826110145,-142.12,-2.07,6924.17,6586.62,6721.1,16413745.0,2506892.0,0.0,0.0,4.92,0.0,0.0,0.0,-1.0,-1.0,0.0,0.0,0.0,0.0
0,sz399005,6717.1,6856.56,6877.07,16443045.0,8221522.0,8221522.0,0.0,0.0,0.0,0.0,0.0,0.0,0.0,0.0,0.0,0.0,0.0,0.0,0.0,0.0,0.0,0.0,0.0,0.0,0.0,0.0,11.0,20150826110157,-139.46,-2.03,6924.17,6586.62,6721.1,16443045.0,2512033.0,0.0,0.0,4.92,0.0,0.0,0.0,-1.0,-1.0,0.0,0.0,0.0,0.0
0,sz399005,6714.88,6856.56,6877.07,16456332.0,8228166.0,8228166.0,0.0,0.0,0.0,0.0,0.0,0.0,0.0,0.0,0.0,0.0,0.0,0.0,0.0,0.0,0.0,0.0,0.0,0.0,0.0,0.0,11.0,20150826110206,-141.69,-2.07,6924.17,6586.62,6717.1,16456332.0,2514460.0,0.0,0.0,4.92,0.0,0.0,0.0,-1.0,-1.0,0.0,0.0,0.0,0.0
0,sz399005,6717.87,6856.56,6877.07,16490997.0,8245498.0,8245498.0,0.0,0.0,0.0,0.0,0.0,0.0,0.0,0.0,0.0,0.0,0.0,0.0,0.0,0.0,0.0,0.0,0.0,0.0,0.0,0.0,11.0,20150826110221,-138.69,-2.02,6924.17,6586.62,6717.1,16490997.0,2521168.0,0.0,0.0,4.92,0.0,0.0,0.0,-1.0,-1.0,0.0,0.0,0.0,0.0
0,sz399005,6718.05,6856.56,6877.07,16505785.0,8252892.0,8252892.0,0.0,0.0,0.0,0.0,0.0,0.0,0.0,0.0,0.0,0.0,0.0,0.0,0.0,0.0,0.0,0.0,0.0,0.0,0.0,0.0,11.0,20150826110232,-138.51,-2.02,6924.17,6586.62,6717.1,16505785.0,2523170.0,0.0,0.0,4.92,0.0,0.0,0.0,-1.0,-1.0,0.0,0.0,0.0,0.0
0,sz399005,6718.59,6856.56,6877.07,16513740.0,8256870.0,8256870.0,0.0,0.0,0.0,0.0,0.0,0.0,0.0,0.0,0.0,0.0,0.0,0.0,0.0,0.0,0.0,0.0,0.0,0.0,0.0,0.0,11.0,20150826110242,-137.97,-2.01,6924.17,6586.62,6717.1,16513740.0,2524444.0,0.0,0.0,4.92,0.0,0.0,0.0,-1.0,-1.0,0.0,0.0,0.0,0.0
0,sz399005,6720.68,6856.56,6877.07,16530951.0,8265476.0,8265476.0,0.0,0.0,0.0,0.0,0.0,0.0,0.0,0.0,0.0,0.0,0.0,0.0,0.0,0.0,0.0,0.0,0.0,0.0,0.0,0.0,11.0,20150826110253,-135.88,-1.98,6924.17,6586.62,6717.1,16530951.0,2527409.0,0.0,0.0,4.92,0.0,0.0,0.0,-1.0,-1.0,0.0,0.0,0.0,0.0
0,sz399005,6723.83,6856.56,6877.07,16542903.0,8271452.0,8271452.0,0.0,0.0,0.0,0.0,0.0,0.0,0.0,0.0,0.0,0.0,0.0,0.0,0.0,0.0,0.0,0.0,0.0,0.0,0.0,0.0,11.0,20150826110303,-132.73,-1.94,6924.17,6586.62,6721.43,16542903.0,2529106.0,0.0,0.0,4.92,0.0,0.0,0.0,-1.0,-1.0,0.0,0.0,0.0,0.0
0,sz399005,6725.0,6856.56,6877.07,16557223.0,8278612.0,8278612.0,0.0,0.0,0.0,0.0,0.0,0.0,0.0,0.0,0.0,0.0,0.0,0.0,0.0,0.0,0.0,0.0,0.0,0.0,0.0,0.0,11.0,20150826110315,-131.56,-1.92,6924.17,6586.62,6721.43,16557223.0,2531341.0,0.0,0.0,4.92,0.0,0.0,0.0,-1.0,-1.0,0.0,0.0,0.0,0.0
0,sz399005,6727.0,6856.56,6877.07,16569593.0,8284796.0,8284796.0,0.0,0.0,0.0,0.0,0.0,0.0,0.0,0.0,0.0,0.0,0.0,0.0,0.0,0.0,0.0,0.0,0.0,0.0,0.0,0.0,11.0,20150826110324,-129.56,-1.89,6924.17,6586.62,6721.43,16569593.0,2533091.0,0.0,0.0,4.92,0.0,0.0,0.0,-1.0,-1.0,0.0,0.0,0.0,0.0
0,sz399005,6728.67,6856.56,6877.07,16582107.0,8291054.0,8291054.0,0.0,0.0,0.0,0.0,0.0,0.0,0.0,0.0,0.0,0.0,0.0,0.0,0.0,0.0,0.0,0.0,0.0,0.0,0.0,0.0,11.0,20150826110335,-127.89,-1.87,6924.17,6586.62,6721.43,16582107.0,2535166.0,0.0,0.0,4.92,0.0,0.0,0.0,-1.0,-1.0,0.0,0.0,0.0,0.0
0,sz399005,6732.82,6856.56,6877.07,16593163.0,8296582.0,8296582.0,0.0,0.0,0.0,0.0,0.0,0.0,0.0,0.0,0.0,0.0,0.0,0.0,0.0,0.0,0.0,0.0,0.0,0.0,0.0,0.0,11.0,20150826110347,-123.74,-1.8,6924.17,6586.62,6721.43,16593163.0,2536687.0,0.0,0.0,4.92,0.0,0.0,0.0,-1.0,-1.0,0.0,0.0,0.0,0.0
0,sz399005,6731.87,6856.56,6877.07,16609619.0,8304810.0,8304810.0,0.0,0.0,0.0,0.0,0.0,0.0,0.0,0.0,0.0,0.0,0.0,0.0,0.0,0.0,0.0,0.0,0.0,0.0,0.0,0.0,11.0,20150826110400,-124.69,-1.82,6924.17,6586.62,6721.43,16609619.0,2539274.0,0.0,0.0,4.92,0.0,0.0,0.0,-1.0,-1.0,0.0,0.0,0.0,0.0
0,sz399005,6733.87,6856.56,6877.07,16623350.0,8311675.0,8311675.0,0.0,0.0,0.0,0.0,0.0,0.0,0.0,0.0,0.0,0.0,0.0,0.0,0.0,0.0,0.0,0.0,0.0,0.0,0.0,0.0,11.0,20150826110414,-122.69,-1.79,6924.17,6586.62,6731.87,16623350.0,2541273.0,0.0,0.0,4.92,0.0,0.0,0.0,-1.0,-1.0,0.0,0.0,0.0,0.0
0,sz399005,6734.88,6856.56,6877.07,16631196.0,8315598.0,8315598.0,0.0,0.0,0.0,0.0,0.0,0.0,0.0,0.0,0.0,0.0,0.0,0.0,0.0,0.0,0.0,0.0,0.0,0.0,0.0,0.0,11.0,20150826110424,-121.68,-1.77,6924.17,6586.62,6731.87,16631196.0,2542402.0,0.0,0.0,4.92,0.0,0.0,0.0,-1.0,-1.0,0.0,0.0,0.0,0.0
0,sz399005,6735.78,6856.56,6877.07,16639869.0,8319934.0,8319934.0,0.0,0.0,0.0,0.0,0.0,0.0,0.0,0.0,0.0,0.0,0.0,0.0,0.0,0.0,0.0,0.0,0.0,0.0,0.0,0.0,11.0,20150826110432,-120.78,-1.76,6924.17,6586.62,6731.87,16639869.0,2543831.0,0.0,0.0,4.92,0.0,0.0,0.0,-1.0,-1.0,0.0,0.0,0.0,0.0
0,sz399005,6737.11,6856.56,6877.07,16654740.0,8327370.0,8327370.0,0.0,0.0,0.0,0.0,0.0,0.0,0.0,0.0,0.0,0.0,0.0,0.0,0.0,0.0,0.0,0.0,0.0,0.0,0.0,0.0,11.0,20150826110444,-119.46,-1.74,6924.17,6586.62,6731.87,16654740.0,2545972.0,0.0,0.0,4.92,0.0,0.0,0.0,-1.0,-1.0,0.0,0.0,0.0,0.0
0,sz399005,6736.63,6856.56,6877.07,16666457.0,8333228.0,8333228.0,0.0,0.0,0.0,0.0,0.0,0.0,0.0,0.0,0.0,0.0,0.0,0.0,0.0,0.0,0.0,0.0,0.0,0.0,0.0,0.0,11.0,20150826110459,-119.93,-1.75,6924.17,6586.62,6731.87,16666457.0,2547989.0,0.0,0.0,4.92,0.0,0.0,0.0,-1.0,-1.0,0.0,0.0,0.0,0.0
0,sz399005,6734.68,6856.56,6877.07,16677535.0,8338768.0,8338768.0,0.0,0.0,0.0,0.0,0.0,0.0,0.0,0.0,0.0,0.0,0.0,0.0,0.0,0.0,0.0,0.0,0.0,0.0,0.0,0.0,11.0,20150826110509,-121.88,-1.78,6924.17,6586.62,6736.63,16677535.0,2549678.0,0.0,0.0,4.92,0.0,0.0,0.0,-1.0,-1.0,0.0,0.0,0.0,0.0
0,sz399005,6730.86,6856.56,6877.07,16695728.0,8347864.0,8347864.0,0.0,0.0,0.0,0.0,0.0,0.0,0.0,0.0,0.0,0.0,0.0,0.0,0.0,0.0,0.0,0.0,0.0,0.0,0.0,0.0,11.0,20150826110521,-125.7,-1.83,6924.17,6586.62,6736.63,16695728.0,2552299.0,0.0,0.0,4.92,0.0,0.0,0.0,-1.0,-1.0,0.0,0.0,0.0,0.0
0,sz399005,6726.06,6856.56,6877.07,16705398.0,8352699.0,8352699.0,0.0,0.0,0.0,0.0,0.0,0.0,0.0,0.0,0.0,0.0,0.0,0.0,0.0,0.0,0.0,0.0,0.0,0.0,0.0,0.0,11.0,20150826110532,-130.5,-1.9,6924.17,6586.62,6736.63,16705398.0,2553877.0,0.0,0.0,4.92,0.0,0.0,0.0,-1.0,-1.0,0.0,0.0,0.0,0.0
0,sz399005,6723.75,6856.56,6877.07,16714624.0,8357312.0,8357312.0,0.0,0.0,0.0,0.0,0.0,0.0,0.0,0.0,0.0,0.0,0.0,0.0,0.0,0.0,0.0,0.0,0.0,0.0,0.0,0.0,11.0,20150826110541,-132.81,-1.94,6924.17,6586.62,6736.63,16714624.0,2555371.0,0.0,0.0,4.92,0.0,0.0,0.0,-1.0,-1.0,0.0,0.0,0.0,0.0
0,sz399005,6720.75,6856.56,6877.07,16727766.0,8363883.0,8363883.0,0.0,0.0,0.0,0.0,0.0,0.0,0.0,0.0,0.0,0.0,0.0,0.0,0.0,0.0,0.0,0.0,0.0,0.0,0.0,0.0,11.0,20150826110557,-135.81,-1.98,6924.17,6586.62,6736.63,16727766.0,2557414.0,0.0,0.0,4.92,0.0,0.0,0.0,-1.0,-1.0,0.0,0.0,0.0,0.0
0,sz399005,6715.32,6856.56,6877.07,16748584.0,8374292.0,8374292.0,0.0,0.0,0.0,0.0,0.0,0.0,0.0,0.0,0.0,0.0,0.0,0.0,0.0,0.0,0.0,0.0,0.0,0.0,0.0,0.0,11.0,20150826110606,-141.24,-2.06,6924.17,6586.62,6720.75,16748584.0,2560291.0,0.0,0.0,4.92,0.0,0.0,0.0,-1.0,-1.0,0.0,0.0,0.0,0.0
0,sz399005,6713.46,6856.56,6877.07,16758256.0,8379128.0,8379128.0,0.0,0.0,0.0,0.0,0.0,0.0,0.0,0.0,0.0,0.0,0.0,0.0,0.0,0.0,0.0,0.0,0.0,0.0,0.0,0.0,11.0,20150826110621,-143.1,-2.09,6924.17,6586.62,6720.75,16758256.0,2561860.0,0.0,0.0,4.92,0.0,0.0,0.0,-1.0,-1.0,0.0,0.0,0.0,0.0
0,sz399005,6707.67,6856.56,6877.07,16772174.0,8386087.0,8386087.0,0.0,0.0,0.0,0.0,0.0,0.0,0.0,0.0,0.0,0.0,0.0,0.0,0.0,0.0,0.0,0.0,0.0,0.0,0.0,0.0,11.0,20150826110630,-148.89,-2.17,6924.17,6586.62,6720.75,16772174.0,2564322.0,0.0,0.0,4.92,0.0,0.0,0.0,-1.0,-1.0,0.0,0.0,0.0,0.0
0,sz399005,6708.67,6856.56,6877.07,16778041.0,8389020.0,8389020.0,0.0,0.0,0.0,0.0,0.0,0.0,0.0,0.0,0.0,0.0,0.0,0.0,0.0,0.0,0.0,0.0,0.0,0.0,0.0,0.0,11.0,20150826110645,-147.89,-2.16,6924.17,6586.62,6720.75,16778041.0,2565202.0,0.0,0.0,4.92,0.0,0.0,0.0,-1.0,-1.0,0.0,0.0,0.0,0.0
0,sz399005,6704.65,6856.56,6877.07,16801571.0,8400786.0,8400786.0,0.0,0.0,0.0,0.0,0.0,0.0,0.0,0.0,0.0,0.0,0.0,0.0,0.0,0.0,0.0,0.0,0.0,0.0,0.0,0.0,11.0,20150826110657,-151.91,-2.22,6924.17,6586.62,6720.75,16801571.0,2568868.0,0.0,0.0,4.92,0.0,0.0,0.0,-1.0,-1.0,0.0,0.0,0.0,0.0
0,sz399005,6704.65,6856.56,6877.07,16812367.0,8406184.0,8406184.0,0.0,0.0,0.0,0.0,0.0,0.0,0.0,0.0,0.0,0.0,0.0,0.0,0.0,0.0,0.0,0.0,0.0,0.0,0.0,0.0,11.0,20150826110709,-151.91,-2.22,6924.17,6586.62,6704.65,16812367.0,2570450.0,0.0,0.0,4.92,0.0,0.0,0.0,-1.0,-1.0,0.0,0.0,0.0,0.0
0,sz399005,6703.39,6856.56,6877.07,16827086.0,8413543.0,8413543.0,0.0,0.0,0.0,0.0,0.0,0.0,0.0,0.0,0.0,0.0,0.0,0.0,0.0,0.0,0.0,0.0,0.0,0.0,0.0,0.0,11.0,20150826110718,-153.17,-2.23,6924.17,6586.62,6704.65,16827086.0,2572700.0,0.0,0.0,4.92,0.0,0.0,0.0,-1.0,-1.0,0.0,0.0,0.0,0.0
0,sz399005,6702.39,6856.56,6877.07,16839046.0,8419523.0,8419523.0,0.0,0.0,0.0,0.0,0.0,0.0,0.0,0.0,0.0,0.0,0.0,0.0,0.0,0.0,0.0,0.0,0.0,0.0,0.0,0.0,11.0,20150826110730,-154.17,-2.25,6924.17,6586.62,6704.65,16839046.0,2574491.0,0.0,0.0,4.92,0.0,0.0,0.0,-1.0,-1.0,0.0,0.0,0.0,0.0
0,sz399005,6699.64,6856.56,6877.07,16856961.0,8428480.0,8428480.0,0.0,0.0,0.0,0.0,0.0,0.0,0.0,0.0,0.0,0.0,0.0,0.0,0.0,0.0,0.0,0.0,0.0,0.0,0.0,0.0,11.0,20150826110745,-156.92,-2.29,6924.17,6586.62,6704.65,16856961.0,2577251.0,0.0,0.0,4.92,0.0,0.0,0.0,-1.0,-1.0,0.0,0.0,0.0,0.0
0,sz399005,6699.3,6856.56,6877.07,16866015.0,8433008.0,8433008.0,0.0,0.0,0.0,0.0,0.0,0.0,0.0,0.0,0.0,0.0,0.0,0.0,0.0,0.0,0.0,0.0,0.0,0.0,0.0,0.0,11.0,20150826110757,-157.26,-2.29,6924.17,6586.62,6704.65,16866015.0,2578656.0,0.0,0.0,4.92,0.0,0.0,0.0,-1.0,-1.0,0.0,0.0,0.0,0.0
0,sz399005,6698.81,6856.56,6877.07,16879733.0,8439866.0,8439866.0,0.0,0.0,0.0,0.0,0.0,0.0,0.0,0.0,0.0,0.0,0.0,0.0,0.0,0.0,0.0,0.0,0.0,0.0,0.0,0.0,11.0,20150826110809,-157.75,-2.3,6924.17,6586.62,6698.09,16879733.0,2580636.0,0.0,0.0,4.92,0.0,0.0,0.0,-1.0,-1.0,0.0,0.0,0.0,0.0
0,sz399005,6698.0,6856.56,6877.07,16888223.0,8444112.0,8444112.0,0.0,0.0,0.0,0.0,0.0,0.0,0.0,0.0,0.0,0.0,0.0,0.0,0.0,0.0,0.0,0.0,0.0,0.0,0.0,0.0,11.0,20150826110821,-158.56,-2.31,6924.17,6586.62,6698.09,16888223.0,2581860.0,0.0,0.0,4.92,0.0,0.0,0.0,-1.0,-1.0,0.0,0.0,0.0,0.0
0,sz399005,6702.57,6856.56,6877.07,16902188.0,8451094.0,8451094.0,0.0,0.0,0.0,0.0,0.0,0.0,0.0,0.0,0.0,0.0,0.0,0.0,0.0,0.0,0.0,0.0,0.0,0.0,0.0,0.0,11.0,20150826110833,-153.99,-2.25,6924.17,6586.62,6698.09,16902188.0,2584111.0,0.0,0.0,4.92,0.0,0.0,0.0,-1.0,-1.0,0.0,0.0,0.0,0.0
0,sz399005,6704.27,6856.56,6877.07,16912822.0,8456411.0,8456411.0,0.0,0.0,0.0,0.0,0.0,0.0,0.0,0.0,0.0,0.0,0.0,0.0,0.0,0.0,0.0,0.0,0.0,0.0,0.0,0.0,11.0,20150826110845,-152.29,-2.22,6924.17,6586.62,6698.09,16912822.0,2585715.0,0.0,0.0,4.92,0.0,0.0,0.0,-1.0,-1.0,0.0,0.0,0.0,0.0
0,sz399005,6708.62,6856.56,6877.07,16928695.0,8464348.0,8464348.0,0.0,0.0,0.0,0.0,0.0,0.0,0.0,0.0,0.0,0.0,0.0,0.0,0.0,0.0,0.0,0.0,0.0,0.0,0.0,0.0,11.0,20150826110857,-147.94,-2.16,6924.17,6586.62,6698.09,16928695.0,2588039.0,0.0,0.0,4.92,0.0,0.0,0.0,-1.0,-1.0,0.0,0.0,0.0,0.0
0,sz399005,6711.65,6856.56,6877.07,16943292.0,8471646.0,8471646.0,0.0,0.0,0.0,0.0,0.0,0.0,0.0,0.0,0.0,0.0,0.0,0.0,0.0,0.0,0.0,0.0,0.0,0.0,0.0,0.0,11.0,20150826110909,-144.91,-2.11,6924.17,6586.62,6709.36,16943292.0,2590339.0,0.0,0.0,4.92,0.0,0.0,0.0,-1.0,-1.0,0.0,0.0,0.0,0.0
0,sz399005,6726.84,6856.56,6877.07,16969801.0,8484900.0,8484900.0,0.0,0.0,0.0,0.0,0.0,0.0,0.0,0.0,0.0,0.0,0.0,0.0,0.0,0.0,0.0,0.0,0.0,0.0,0.0,0.0,11.0,20150826110924,-129.72,-1.89,6924.17,6586.62,6709.36,16969801.0,2594532.0,0.0,0.0,4.92,0.0,0.0,0.0,-1.0,-1.0,0.0,0.0,0.0,0.0
0,sz399005,6726.27,6856.56,6877.07,16978237.0,8489118.0,8489118.0,0.0,0.0,0.0,0.0,0.0,0.0,0.0,0.0,0.0,0.0,0.0,0.0,0.0,0.0,0.0,0.0,0.0,0.0,0.0,0.0,11.0,20150826110933,-130.29,-1.9,6924.17,6586.62,6709.36,16978237.0,2595810.0,0.0,0.0,4.92,0.0,0.0,0.0,-1.0,-1.0,0.0,0.0,0.0,0.0
0,sz399005,6732.48,6856.56,6877.07,16999401.0,8499700.0,8499700.0,0.0,0.0,0.0,0.0,0.0,0.0,0.0,0.0,0.0,0.0,0.0,0.0,0.0,0.0,0.0,0.0,0.0,0.0,0.0,0.0,11.0,20150826110945,-124.08,-1.81,6924.17,6586.62,6709.36,16999401.0,2599198.0,0.0,0.0,4.92,0.0,0.0,0.0,-1.0,-1.0,0.0,0.0,0.0,0.0
0,sz399005,6737.01,6856.56,6877.07,17020169.0,8510084.0,8510084.0,0.0,0.0,0.0,0.0,0.0,0.0,0.0,0.0,0.0,0.0,0.0,0.0,0.0,0.0,0.0,0.0,0.0,0.0,0.0,0.0,11.0,20150826110957,-119.55,-1.74,6924.17,6586.62,6709.36,17020169.0,2602437.0,0.0,0.0,4.92,0.0,0.0,0.0,-1.0,-1.0,0.0,0.0,0.0,0.0
0,sz399005,6742.0,6856.56,6877.07,17033811.0,8516906.0,8516906.0,0.0,0.0,0.0,0.0,0.0,0.0,0.0,0.0,0.0,0.0,0.0,0.0,0.0,0.0,0.0,0.0,0.0,0.0,0.0,0.0,11.0,20150826111012,-114.56,-1.67,6924.17,6586.62,6737.01,17033811.0,2604650.0,0.0,0.0,4.92,0.0,0.0,0.0,-1.0,-1.0,0.0,0.0,0.0,0.0
0,sz399005,6745.53,6856.56,6877.07,17046194.0,8523097.0,8523097.0,0.0,0.0,0.0,0.0,0.0,0.0,0.0,0.0,0.0,0.0,0.0,0.0,0.0,0.0,0.0,0.0,0.0,0.0,0.0,0.0,11.0,20150826111024,-111.03,-1.62,6924.17,6586.62,6737.01,17046194.0,2606510.0,0.0,0.0,4.92,0.0,0.0,0.0,-1.0,-1.0,0.0,0.0,0.0,0.0
0,sz399005,6748.86,6856.56,6877.07,17067210.0,8533605.0,8533605.0,0.0,0.0,0.0,0.0,0.0,0.0,0.0,0.0,0.0,0.0,0.0,0.0,0.0,0.0,0.0,0.0,0.0,0.0,0.0,0.0,11.0,20150826111036,-107.7,-1.57,6924.17,6586.62,6737.01,17067210.0,2610134.0,0.0,0.0,4.92,0.0,0.0,0.0,-1.0,-1.0,0.0,0.0,0.0,0.0
0,sz399005,6753.37,6856.56,6877.07,17089537.0,8544768.0,8544768.0,0.0,0.0,0.0,0.0,0.0,0.0,0.0,0.0,0.0,0.0,0.0,0.0,0.0,0.0,0.0,0.0,0.0,0.0,0.0,0.0,11.0,20150826111048,-103.19,-1.5,6924.17,6586.62,6737.01,17089537.0,2613519.0,0.0,0.0,4.92,0.0,0.0,0.0,-1.0,-1.0,0.0,0.0,0.0,0.0
0,sz399005,6758.57,6856.56,6877.07,17112860.0,8556430.0,8556430.0,0.0,0.0,0.0,0.0,0.0,0.0,0.0,0.0,0.0,0.0,0.0,0.0,0.0,0.0,0.0,0.0,0.0,0.0,0.0,0.0,11.0,20150826111100,-97.99,-1.43,6924.17,6586.62,6737.01,17112860.0,2617374.0,0.0,0.0,4.92,0.0,0.0,0.0,-1.0,-1.0,0.0,0.0,0.0,0.0
0,sz399005,6762.86,6856.56,6877.07,17136033.0,8568016.0,8568016.0,0.0,0.0,0.0,0.0,0.0,0.0,0.0,0.0,0.0,0.0,0.0,0.0,0.0,0.0,0.0,0.0,0.0,0.0,0.0,0.0,11.0,20150826111112,-93.7,-1.37,6924.17,6586.62,6758.57,17136033.0,2621281.0,0.0,0.0,4.92,0.0,0.0,0.0,-1.0,-1.0,0.0,0.0,0.0,0.0
0,sz399005,6764.12,6856.56,6877.07,17154531.0,8577266.0,8577266.0,0.0,0.0,0.0,0.0,0.0,0.0,0.0,0.0,0.0,0.0,0.0,0.0,0.0,0.0,0.0,0.0,0.0,0.0,0.0,0.0,11.0,20150826111127,-92.44,-1.35,6924.17,6586.62,6758.57,17154531.0,2623847.0,0.0,0.0,4.92,0.0,0.0,0.0,-1.0,-1.0,0.0,0.0,0.0,0.0
0,sz399005,6768.42,6856.56,6877.07,17166601.0,8583300.0,8583300.0,0.0,0.0,0.0,0.0,0.0,0.0,0.0,0.0,0.0,0.0,0.0,0.0,0.0,0.0,0.0,0.0,0.0,0.0,0.0,0.0,11.0,20150826111139,-88.14,-1.29,6924.17,6586.62,6758.57,17166601.0,2625770.0,0.0,0.0,4.92,0.0,0.0,0.0,-1.0,-1.0,0.0,0.0,0.0,0.0
0,sz399005,6769.85,6856.56,6877.07,17184985.0,8592492.0,8592492.0,0.0,0.0,0.0,0.0,0.0,0.0,0.0,0.0,0.0,0.0,0.0,0.0,0.0,0.0,0.0,0.0,0.0,0.0,0.0,0.0,11.0,20150826111151,-86.71,-1.26,6924.17,6586.62,6758.57,17184985.0,2628454.0,0.0,0.0,4.92,0.0,0.0,0.0,-1.0,-1.0,0.0,0.0,0.0,0.0
0,sz399005,6770.77,6856.56,6877.07,17202848.0,8601424.0,8601424.0,0.0,0.0,0.0,0.0,0.0,0.0,0.0,0.0,0.0,0.0,0.0,0.0,0.0,0.0,0.0,0.0,0.0,0.0,0.0,0.0,11.0,20150826111203,-85.79,-1.25,6924.17,6586.62,6771.11,17202848.0,2631457.0,0.0,0.0,4.92,0.0,0.0,0.0,-1.0,-1.0,0.0,0.0,0.0,0.0
0,sz399005,6771.52,6856.56,6877.07,17214191.0,8607096.0,8607096.0,0.0,0.0,0.0,0.0,0.0,0.0,0.0,0.0,0.0,0.0,0.0,0.0,0.0,0.0,0.0,0.0,0.0,0.0,0.0,0.0,11.0,20150826111218,-85.05,-1.24,6924.17,6586.62,6771.11,17214191.0,2633208.0,0.0,0.0,4.92,0.0,0.0,0.0,-1.0,-1.0,0.0,0.0,0.0,0.0
0,sz399005,6770.73,6856.56,6877.07,17233239.0,8616620.0,8616620.0,0.0,0.0,0.0,0.0,0.0,0.0,0.0,0.0,0.0,0.0,0.0,0.0,0.0,0.0,0.0,0.0,0.0,0.0,0.0,0.0,11.0,20150826111230,-85.83,-1.25,6924.17,6586.62,6771.11,17233239.0,2636219.0,0.0,0.0,4.92,0.0,0.0,0.0,-1.0,-1.0,0.0,0.0,0.0,0.0
0,sz399005,6769.97,6856.56,6877.07,17248950.0,8624475.0,8624475.0,0.0,0.0,0.0,0.0,0.0,0.0,0.0,0.0,0.0,0.0,0.0,0.0,0.0,0.0,0.0,0.0,0.0,0.0,0.0,0.0,11.0,20150826111245,-86.59,-1.26,6924.17,6586.62,6771.11,17248950.0,2638989.0,0.0,0.0,4.92,0.0,0.0,0.0,-1.0,-1.0,0.0,0.0,0.0,0.0
0,sz399005,6767.51,6856.56,6877.07,17266053.0,8633026.0,8633026.0,0.0,0.0,0.0,0.0,0.0,0.0,0.0,0.0,0.0,0.0,0.0,0.0,0.0,0.0,0.0,0.0,0.0,0.0,0.0,0.0,11.0,20150826111257,-89.05,-1.3,6924.17,6586.62,6771.11,17266053.0,2641658.0,0.0,0.0,4.92,0.0,0.0,0.0,-1.0,-1.0,0.0,0.0,0.0,0.0
0,sz399005,6769.16,6856.56,6877.07,17285444.0,8642722.0,8642722.0,0.0,0.0,0.0,0.0,0.0,0.0,0.0,0.0,0.0,0.0,0.0,0.0,0.0,0.0,0.0,0.0,0.0,0.0,0.0,0.0,11.0,20150826111309,-87.4,-1.27,6924.17,6586.62,6766.94,17285444.0,2645071.0,0.0,0.0,4.92,0.0,0.0,0.0,-1.0,-1.0,0.0,0.0,0.0,0.0
0,sz399005,6769.28,6856.56,6877.07,17300029.0,8650014.0,8650014.0,0.0,0.0,0.0,0.0,0.0,0.0,0.0,0.0,0.0,0.0,0.0,0.0,0.0,0.0,0.0,0.0,0.0,0.0,0.0,0.0,11.0,20150826111324,-87.28,-1.27,6924.17,6586.62,6766.94,17300029.0,2647606.0,0.0,0.0,4.92,0.0,0.0,0.0,-1.0,-1.0,0.0,0.0,0.0,0.0
0,sz399005,6764.57,6856.56,6877.07,17318969.0,8659484.0,8659484.0,0.0,0.0,0.0,0.0,0.0,0.0,0.0,0.0,0.0,0.0,0.0,0.0,0.0,0.0,0.0,0.0,0.0,0.0,0.0,0.0,11.0,20150826111336,-91.99,-1.34,6924.17,6586.62,6766.94,17318969.0,2650809.0,0.0,0.0,4.92,0.0,0.0,0.0,-1.0,-1.0,0.0,0.0,0.0,0.0
0,sz399005,6763.85,6856.56,6877.07,17334761.0,8667380.0,8667380.0,0.0,0.0,0.0,0.0,0.0,0.0,0.0,0.0,0.0,0.0,0.0,0.0,0.0,0.0,0.0,0.0,0.0,0.0,0.0,0.0,11.0,20150826111351,-92.71,-1.35,6924.17,6586.62,6766.94,17334761.0,2653387.0,0.0,0.0,4.92,0.0,0.0,0.0,-1.0,-1.0,0.0,0.0,0.0,0.0
0,sz399005,6761.78,6856.56,6877.07,17348832.0,8674416.0,8674416.0,0.0,0.0,0.0,0.0,0.0,0.0,0.0,0.0,0.0,0.0,0.0,0.0,0.0,0.0,0.0,0.0,0.0,0.0,0.0,0.0,11.0,20150826111403,-94.79,-1.38,6924.17,6586.62,6765.26,17348832.0,2655698.0,0.0,0.0,4.92,0.0,0.0,0.0,-1.0,-1.0,0.0,0.0,0.0,0.0
0,sz399005,6756.44,6856.56,6877.07,17373083.0,8686542.0,8686542.0,0.0,0.0,0.0,0.0,0.0,0.0,0.0,0.0,0.0,0.0,0.0,0.0,0.0,0.0,0.0,0.0,0.0,0.0,0.0,0.0,11.0,20150826111415,-100.13,-1.46,6924.17,6586.62,6765.26,17373083.0,2659746.0,0.0,0.0,4.92,0.0,0.0,0.0,-1.0,-1.0,0.0,0.0,0.0,0.0
0,sz399005,6750.2,6856.56,6877.07,17387008.0,8693504.0,8693504.0,0.0,0.0,0.0,0.0,0.0,0.0,0.0,0.0,0.0,0.0,0.0,0.0,0.0,0.0,0.0,0.0,0.0,0.0,0.0,0.0,11.0,20150826111430,-106.36,-1.55,6924.17,6586.62,6765.26,17387008.0,2661841.0,0.0,0.0,4.92,0.0,0.0,0.0,-1.0,-1.0,0.0,0.0,0.0,0.0
0,sz399005,6744.81,6856.56,6877.07,17409336.0,8704668.0,8704668.0,0.0,0.0,0.0,0.0,0.0,0.0,0.0,0.0,0.0,0.0,0.0,0.0,0.0,0.0,0.0,0.0,0.0,0.0,0.0,0.0,11.0,20150826111445,-111.75,-1.63,6924.17,6586.62,6765.26,17409336.0,2665384.0,0.0,0.0,4.92,0.0,0.0,0.0,-1.0,-1.0,0.0,0.0,0.0,0.0
0,sz399005,6742.13,6856.56,6877.07,17419944.0,8709972.0,8709972.0,0.0,0.0,0.0,0.0,0.0,0.0,0.0,0.0,0.0,0.0,0.0,0.0,0.0,0.0,0.0,0.0,0.0,0.0,0.0,0.0,11.0,20150826111457,-114.43,-1.67,6924.17,6586.62,6765.26,17419944.0,2667081.0,0.0,0.0,4.92,0.0,0.0,0.0,-1.0,-1.0,0.0,0.0,0.0,0.0
0,sz399005,6742.9,6856.56,6877.07,17432119.0,8716060.0,8716060.0,0.0,0.0,0.0,0.0,0.0,0.0,0.0,0.0,0.0,0.0,0.0,0.0,0.0,0.0,0.0,0.0,0.0,0.0,0.0,0.0,11.0,20150826111512,-113.66,-1.66,6924.17,6586.62,6745.05,17432119.0,2669212.0,0.0,0.0,4.92,0.0,0.0,0.0,-1.0,-1.0,0.0,0.0,0.0,0.0
0,sz399005,6741.92,6856.56,6877.07,17451116.0,8725558.0,8725558.0,0.0,0.0,0.0,0.0,0.0,0.0,0.0,0.0,0.0,0.0,0.0,0.0,0.0,0.0,0.0,0.0,0.0,0.0,0.0,0.0,11.0,20150826111524,-114.64,-1.67,6924.17,6586.62,6745.05,17451116.0,2671810.0,0.0,0.0,4.92,0.0,0.0,0.0,-1.0,-1.0,0.0,0.0,0.0,0.0
0,sz399005,6741.33,6856.56,6877.07,17461797.0,8730898.0,8730898.0,0.0,0.0,0.0,0.0,0.0,0.0,0.0,0.0,0.0,0.0,0.0,0.0,0.0,0.0,0.0,0.0,0.0,0.0,0.0,0.0,11.0,20150826111539,-115.23,-1.68,6924.17,6586.62,6745.05,17461797.0,2673484.0,0.0,0.0,4.92,0.0,0.0,0.0,-1.0,-1.0,0.0,0.0,0.0,0.0
0,sz399005,6743.86,6856.56,6877.07,17477431.0,8738716.0,8738716.0,0.0,0.0,0.0,0.0,0.0,0.0,0.0,0.0,0.0,0.0,0.0,0.0,0.0,0.0,0.0,0.0,0.0,0.0,0.0,0.0,11.0,20150826111554,-112.7,-1.64,6924.17,6586.62,6745.05,17477431.0,2676132.0,0.0,0.0,4.92,0.0,0.0,0.0,-1.0,-1.0,0.0,0.0,0.0,0.0
0,sz399005,6746.76,6856.56,6877.07,17503032.0,8751516.0,8751516.0,0.0,0.0,0.0,0.0,0.0,0.0,0.0,0.0,0.0,0.0,0.0,0.0,0.0,0.0,0.0,0.0,0.0,0.0,0.0,0.0,11.0,20150826111606,-109.8,-1.6,6924.17,6586.62,6743.96,17503032.0,2680734.0,0.0,0.0,4.92,0.0,0.0,0.0,-1.0,-1.0,0.0,0.0,0.0,0.0
0,sz399005,6748.34,6856.56,6877.07,17517664.0,8758832.0,8758832.0,0.0,0.0,0.0,0.0,0.0,0.0,0.0,0.0,0.0,0.0,0.0,0.0,0.0,0.0,0.0,0.0,0.0,0.0,0.0,0.0,11.0,20150826111622,-108.22,-1.58,6924.17,6586.62,6743.96,17517664.0,2683325.0,0.0,0.0,4.92,0.0,0.0,0.0,-1.0,-1.0,0.0,0.0,0.0,0.0
0,sz399005,6756.96,6856.56,6877.07,17552539.0,8776270.0,8776270.0,0.0,0.0,0.0,0.0,0.0,0.0,0.0,0.0,0.0,0.0,0.0,0.0,0.0,0.0,0.0,0.0,0.0,0.0,0.0,0.0,11.0,20150826111637,-99.6,-1.45,6924.17,6586.62,6743.96,17552539.0,2688456.0,0.0,0.0,4.92,0.0,0.0,0.0,-1.0,-1.0,0.0,0.0,0.0,0.0
0,sz399005,6759.04,6856.56,6877.07,17612431.0,8806216.0,8806216.0,0.0,0.0,0.0,0.0,0.0,0.0,0.0,0.0,0.0,0.0,0.0,0.0,0.0,0.0,0.0,0.0,0.0,0.0,0.0,0.0,11.0,20150826111649,-97.52,-1.42,6924.17,6586.62,6743.96,17612431.0,2697455.0,0.0,0.0,4.92,0.0,0.0,0.0,-1.0,-1.0,0.0,0.0,0.0,0.0
0,sz399005,6767.73,6856.56,6877.07,17652201.0,8826100.0,8826100.0,0.0,0.0,0.0,0.0,0.0,0.0,0.0,0.0,0.0,0.0,0.0,0.0,0.0,0.0,0.0,0.0,0.0,0.0,0.0,0.0,11.0,20150826111704,-88.83,-1.3,6924.17,6586.62,6766.81,17652201.0,2703502.0,0.0,0.0,4.92,0.0,0.0,0.0,-1.0,-1.0,0.0,0.0,0.0,0.0
0,sz399005,6768.79,6856.56,6877.07,17675092.0,8837546.0,8837546.0,0.0,0.0,0.0,0.0,0.0,0.0,0.0,0.0,0.0,0.0,0.0,0.0,0.0,0.0,0.0,0.0,0.0,0.0,0.0,0.0,11.0,20150826111718,-87.77,-1.28,6924.17,6586.62,6766.81,17675092.0,2707085.0,0.0,0.0,4.92,0.0,0.0,0.0,-1.0,-1.0,0.0,0.0,0.0,0.0
0,sz399005,6772.09,6856.56,6877.07,17712868.0,8856434.0,8856434.0,0.0,0.0,0.0,0.0,0.0,0.0,0.0,0.0,0.0,0.0,0.0,0.0,0.0,0.0,0.0,0.0,0.0,0.0,0.0,0.0,11.0,20150826111734,-84.47,-1.23,6924.17,6586.62,6766.81,17712868.0,2713181.0,0.0,0.0,4.92,0.0,0.0,0.0,-1.0,-1.0,0.0,0.0,0.0,0.0
0,sz399005,6772.13,6856.56,6877.07,17724951.0,8862476.0,8862476.0,0.0,0.0,0.0,0.0,0.0,0.0,0.0,0.0,0.0,0.0,0.0,0.0,0.0,0.0,0.0,0.0,0.0,0.0,0.0,0.0,11.0,20150826111745,-84.43,-1.23,6924.17,6586.62,6766.81,17724951.0,2715034.0,0.0,0.0,4.92,0.0,0.0,0.0,-1.0,-1.0,0.0,0.0,0.0,0.0
0,sz399005,6774.03,6856.56,6877.07,17752533.0,8876266.0,8876266.0,0.0,0.0,0.0,0.0,0.0,0.0,0.0,0.0,0.0,0.0,0.0,0.0,0.0,0.0,0.0,0.0,0.0,0.0,0.0,0.0,11.0,20150826111800,-82.53,-1.2,6924.17,6586.62,6766.81,17752533.0,2720174.0,0.0,0.0,4.92,0.0,0.0,0.0,-1.0,-1.0,0.0,0.0,0.0,0.0
0,sz399005,6772.58,6856.56,6877.07,17780937.0,8890468.0,8890468.0,0.0,0.0,0.0,0.0,0.0,0.0,0.0,0.0,0.0,0.0,0.0,0.0,0.0,0.0,0.0,0.0,0.0,0.0,0.0,0.0,11.0,20150826111812,-83.98,-1.22,6924.17,6586.62,6774.03,17780937.0,2724848.0,0.0,0.0,4.92,0.0,0.0,0.0,-1.0,-1.0,0.0,0.0,0.0,0.0
0,sz399005,6773.37,6856.56,6877.07,17803072.0,8901536.0,8901536.0,0.0,0.0,0.0,0.0,0.0,0.0,0.0,0.0,0.0,0.0,0.0,0.0,0.0,0.0,0.0,0.0,0.0,0.0,0.0,0.0,11.0,20150826111827,-83.2,-1.21,6924.17,6586.62,6774.03,17803072.0,2728625.0,0.0,0.0,4.92,0.0,0.0,0.0,-1.0,-1.0,0.0,0.0,0.0,0.0
0,sz399005,6777.44,6856.56,6877.07,17821361.0,8910680.0,8910680.0,0.0,0.0,0.0,0.0,0.0,0.0,0.0,0.0,0.0,0.0,0.0,0.0,0.0,0.0,0.0,0.0,0.0,0.0,0.0,0.0,11.0,20150826111845,-79.12,-1.15,6924.17,6586.62,6774.03,17821361.0,2731489.0,0.0,0.0,4.92,0.0,0.0,0.0,-1.0,-1.0,0.0,0.0,0.0,0.0
0,sz399005,6780.65,6856.56,6877.07,17837452.0,8918726.0,8918726.0,0.0,0.0,0.0,0.0,0.0,0.0,0.0,0.0,0.0,0.0,0.0,0.0,0.0,0.0,0.0,0.0,0.0,0.0,0.0,0.0,11.0,20150826111857,-75.91,-1.11,6924.17,6586.62,6774.03,17837452.0,2734007.0,0.0,0.0,4.92,0.0,0.0,0.0,-1.0,-1.0,0.0,0.0,0.0,0.0
0,sz399005,6784.96,6856.56,6877.07,17862302.0,8931151.0,8931151.0,0.0,0.0,0.0,0.0,0.0,0.0,0.0,0.0,0.0,0.0,0.0,0.0,0.0,0.0,0.0,0.0,0.0,0.0,0.0,0.0,11.0,20150826111913,-71.6,-1.04,6924.17,6586.62,6781.13,17862302.0,2737955.0,0.0,0.0,4.92,0.0,0.0,0.0,-1.0,-1.0,0.0,0.0,0.0,0.0
0,sz399005,6787.49,6856.56,6877.07,17886793.0,8943396.0,8943396.0,0.0,0.0,0.0,0.0,0.0,0.0,0.0,0.0,0.0,0.0,0.0,0.0,0.0,0.0,0.0,0.0,0.0,0.0,0.0,0.0,11.0,20150826111927,-69.07,-1.01,6924.17,6586.62,6781.13,17886793.0,2741703.0,0.0,0.0,4.92,0.0,0.0,0.0,-1.0,-1.0,0.0,0.0,0.0,0.0
0,sz399005,6793.68,6856.56,6877.07,17909213.0,8954606.0,8954606.0,0.0,0.0,0.0,0.0,0.0,0.0,0.0,0.0,0.0,0.0,0.0,0.0,0.0,0.0,0.0,0.0,0.0,0.0,0.0,0.0,11.0,20150826111942,-62.89,-0.92,6924.17,6586.62,6781.13,17909213.0,2745518.0,0.0,0.0,4.92,0.0,0.0,0.0,-1.0,-1.0,0.0,0.0,0.0,0.0
0,sz399005,6793.46,6856.56,6877.07,17938904.0,8969452.0,8969452.0,0.0,0.0,0.0,0.0,0.0,0.0,0.0,0.0,0.0,0.0,0.0,0.0,0.0,0.0,0.0,0.0,0.0,0.0,0.0,0.0,11.0,20150826111951,-63.1,-0.92,6924.17,6586.62,6781.13,17938904.0,2749918.0,0.0,0.0,4.92,0.0,0.0,0.0,-1.0,-1.0,0.0,0.0,0.0,0.0
0,sz399005,6799.71,6856.56,6877.07,17967657.0,8983828.0,8983828.0,0.0,0.0,0.0,0.0,0.0,0.0,0.0,0.0,0.0,0.0,0.0,0.0,0.0,0.0,0.0,0.0,0.0,0.0,0.0,0.0,11.0,20150826112007,-56.85,-0.83,6924.17,6586.62,6794.45,17967657.0,2754571.0,0.0,0.0,4.92,0.0,0.0,0.0,-1.0,-1.0,0.0,0.0,0.0,0.0
0,sz399005,6804.3,6856.56,6877.07,17997156.0,8998578.0,8998578.0,0.0,0.0,0.0,0.0,0.0,0.0,0.0,0.0,0.0,0.0,0.0,0.0,0.0,0.0,0.0,0.0,0.0,0.0,0.0,0.0,11.0,20150826112025,-52.26,-0.76,6924.17,6586.62,6794.45,17997156.0,2759420.0,0.0,0.0,4.92,0.0,0.0,0.0,-1.0,-1.0,0.0,0.0,0.0,0.0
0,sz399005,6814.44,6856.56,6877.07,18044155.0,9022078.0,9022078.0,0.0,0.0,0.0,0.0,0.0,0.0,0.0,0.0,0.0,0.0,0.0,0.0,0.0,0.0,0.0,0.0,0.0,0.0,0.0,0.0,11.0,20150826112039,-42.12,-0.61,6924.17,6586.62,6794.45,18044155.0,2766738.0,0.0,0.0,4.92,0.0,0.0,0.0,-1.0,-1.0,0.0,0.0,0.0,0.0
0,sz399005,6821.17,6856.56,6877.07,18079740.0,9039870.0,9039870.0,0.0,0.0,0.0,0.0,0.0,0.0,0.0,0.0,0.0,0.0,0.0,0.0,0.0,0.0,0.0,0.0,0.0,0.0,0.0,0.0,11.0,20150826112054,-35.39,-0.52,6924.17,6586.62,6794.45,18079740.0,2772005.0,0.0,0.0,4.92,0.0,0.0,0.0,-1.0,-1.0,0.0,0.0,0.0,0.0
0,sz399005,6831.69,6856.56,6877.07,18111015.0,9055508.0,9055508.0,0.0,0.0,0.0,0.0,0.0,0.0,0.0,0.0,0.0,0.0,0.0,0.0,0.0,0.0,0.0,0.0,0.0,0.0,0.0,0.0,11.0,20150826112110,-24.87,-0.36,6924.17,6586.62,6826.09,18111015.0,2776855.0,0.0,0.0,4.92,0.0,0.0,0.0,-1.0,-1.0,0.0,0.0,0.0,0.0
0,sz399005,6838.71,6856.56,6877.07,18151454.0,9075727.0,9075727.0,0.0,0.0,0.0,0.0,0.0,0.0,0.0,0.0,0.0,0.0,0.0,0.0,0.0,0.0,0.0,0.0,0.0,0.0,0.0,0.0,11.0,20150826112122,-17.85,-0.26,6924.17,6586.62,6826.09,18151454.0,2783149.0,0.0,0.0,4.92,0.0,0.0,0.0,-1.0,-1.0,0.0,0.0,0.0,0.0
0,sz399005,6849.0,6856.56,6877.07,18212805.0,9106402.0,9106402.0,0.0,0.0,0.0,0.0,0.0,0.0,0.0,0.0,0.0,0.0,0.0,0.0,0.0,0.0,0.0,0.0,0.0,0.0,0.0,0.0,11.0,20150826112137,-7.56,-0.11,6924.17,6586.62,6826.09,18212805.0,2792427.0,0.0,0.0,4.92,0.0,0.0,0.0,-1.0,-1.0,0.0,0.0,0.0,0.0
0,sz399005,6857.15,6856.56,6877.07,18260543.0,9130272.0,9130272.0,0.0,0.0,0.0,0.0,0.0,0.0,0.0,0.0,0.0,0.0,0.0,0.0,0.0,0.0,0.0,0.0,0.0,0.0,0.0,0.0,11.0,20150826112154,0.59,0.01,6924.17,6586.62,6826.09,18260543.0,2799553.0,0.0,0.0,4.92,0.0,0.0,0.0,-1.0,-1.0,0.0,0.0,0.0,0.0
0,sz399005,6866.08,6856.56,6877.07,18298732.0,9149366.0,9149366.0,0.0,0.0,0.0,0.0,0.0,0.0,0.0,0.0,0.0,0.0,0.0,0.0,0.0,0.0,0.0,0.0,0.0,0.0,0.0,0.0,11.0,20150826112207,9.52,0.14,6924.17,6586.62,6859.58,18298732.0,2805764.0,0.0,0.0,4.92,0.0,0.0,0.0,-1.0,-1.0,0.0,0.0,0.0,0.0
0,sz399005,6873.98,6856.56,6877.07,18362358.0,9181179.0,9181179.0,0.0,0.0,0.0,0.0,0.0,0.0,0.0,0.0,0.0,0.0,0.0,0.0,0.0,0.0,0.0,0.0,0.0,0.0,0.0,0.0,11.0,20150826112224,17.42,0.25,6924.17,6586.62,6859.58,18362358.0,2815490.0,0.0,0.0,4.92,0.0,0.0,0.0,-1.0,-1.0,0.0,0.0,0.0,0.0
0,sz399005,6879.3,6856.56,6877.07,18399889.0,9199944.0,9199944.0,0.0,0.0,0.0,0.0,0.0,0.0,0.0,0.0,0.0,0.0,0.0,0.0,0.0,0.0,0.0,0.0,0.0,0.0,0.0,0.0,11.0,20150826112236,22.73,0.33,6924.17,6586.62,6859.58,18399889.0,2821364.0,0.0,0.0,4.92,0.0,0.0,0.0,-1.0,-1.0,0.0,0.0,0.0,0.0
0,sz399005,6884.66,6856.56,6877.07,18451689.0,9225844.0,9225844.0,0.0,0.0,0.0,0.0,0.0,0.0,0.0,0.0,0.0,0.0,0.0,0.0,0.0,0.0,0.0,0.0,0.0,0.0,0.0,0.0,11.0,20150826112255,28.09,0.41,6924.17,6586.62,6859.58,18451689.0,2829669.0,0.0,0.0,4.92,0.0,0.0,0.0,-1.0,-1.0,0.0,0.0,0.0,0.0
0,sz399005,6890.32,6856.56,6877.07,18496561.0,9248280.0,9248280.0,0.0,0.0,0.0,0.0,0.0,0.0,0.0,0.0,0.0,0.0,0.0,0.0,0.0,0.0,0.0,0.0,0.0,0.0,0.0,0.0,11.0,20150826112307,33.76,0.49,6924.17,6586.62,6887.39,18496561.0,2836167.0,0.0,0.0,4.92,0.0,0.0,0.0,-1.0,-1.0,0.0,0.0,0.0,0.0
0,sz399005,6894.86,6856.56,6877.07,18558477.0,9279238.0,9279238.0,0.0,0.0,0.0,0.0,0.0,0.0,0.0,0.0,0.0,0.0,0.0,0.0,0.0,0.0,0.0,0.0,0.0,0.0,0.0,0.0,11.0,20150826112325,38.3,0.56,6924.17,6586.62,6887.39,18558477.0,2846869.0,0.0,0.0,4.92,0.0,0.0,0.0,-1.0,-1.0,0.0,0.0,0.0,0.0
0,sz399005,6895.83,6856.56,6877.07,18610986.0,9305493.0,9305493.0,0.0,0.0,0.0,0.0,0.0,0.0,0.0,0.0,0.0,0.0,0.0,0.0,0.0,0.0,0.0,0.0,0.0,0.0,0.0,0.0,11.0,20150826112337,39.27,0.57,6924.17,6586.62,6887.39,18610986.0,2854533.0,0.0,0.0,4.92,0.0,0.0,0.0,-1.0,-1.0,0.0,0.0,0.0,0.0
0,sz399005,6895.07,6856.56,6877.07,18661233.0,9330616.0,9330616.0,0.0,0.0,0.0,0.0,0.0,0.0,0.0,0.0,0.0,0.0,0.0,0.0,0.0,0.0,0.0,0.0,0.0,0.0,0.0,0.0,11.0,20150826112354,38.51,0.56,6924.17,6586.62,6887.39,18661233.0,2863106.0,0.0,0.0,4.92,0.0,0.0,0.0,-1.0,-1.0,0.0,0.0,0.0,0.0
0,sz399005,6893.23,6856.56,6877.07,18693837.0,9346918.0,9346918.0,0.0,0.0,0.0,0.0,0.0,0.0,0.0,0.0,0.0,0.0,0.0,0.0,0.0,0.0,0.0,0.0,0.0,0.0,0.0,0.0,11.0,20150826112410,36.67,0.53,6924.17,6586.62,6895.07,18693837.0,2868248.0,0.0,0.0,4.92,0.0,0.0,0.0,-1.0,-1.0,0.0,0.0,0.0,0.0
0,sz399005,6886.38,6856.56,6877.07,18752025.0,9376012.0,9376012.0,0.0,0.0,0.0,0.0,0.0,0.0,0.0,0.0,0.0,0.0,0.0,0.0,0.0,0.0,0.0,0.0,0.0,0.0,0.0,0.0,11.0,20150826112428,29.82,0.43,6924.17,6586.62,6895.07,18752025.0,2877061.0,0.0,0.0,4.92,0.0,0.0,0.0,-1.0,-1.0,0.0,0.0,0.0,0.0
0,sz399005,6879.02,6856.56,6877.07,18788343.0,9394172.0,9394172.0,0.0,0.0,0.0,0.0,0.0,0.0,0.0,0.0,0.0,0.0,0.0,0.0,0.0,0.0,0.0,0.0,0.0,0.0,0.0,0.0,11.0,20150826112443,22.46,0.33,6924.17,6586.62,6895.07,18788343.0,2883128.0,0.0,0.0,4.92,0.0,0.0,0.0,-1.0,-1.0,0.0,0.0,0.0,0.0
0,sz399005,6872.51,6856.56,6877.07,18822257.0,9411128.0,9411128.0,0.0,0.0,0.0,0.0,0.0,0.0,0.0,0.0,0.0,0.0,0.0,0.0,0.0,0.0,0.0,0.0,0.0,0.0,0.0,0.0,11.0,20150826112458,15.95,0.23,6924.17,6586.62,6895.07,18822257.0,2888392.0,0.0,0.0,4.92,0.0,0.0,0.0,-1.0,-1.0,0.0,0.0,0.0,0.0
0,sz399005,6867.85,6856.56,6877.07,18840199.0,9420100.0,9420100.0,0.0,0.0,0.0,0.0,0.0,0.0,0.0,0.0,0.0,0.0,0.0,0.0,0.0,0.0,0.0,0.0,0.0,0.0,0.0,0.0,11.0,20150826112510,11.29,0.16,6924.17,6586.62,6872.51,18840199.0,2891360.0,0.0,0.0,4.92,0.0,0.0,0.0,-1.0,-1.0,0.0,0.0,0.0,0.0
0,sz399005,6861.54,6856.56,6877.07,18875552.0,9437776.0,9437776.0,0.0,0.0,0.0,0.0,0.0,0.0,0.0,0.0,0.0,0.0,0.0,0.0,0.0,0.0,0.0,0.0,0.0,0.0,0.0,0.0,11.0,20150826112528,4.98,0.07,6924.17,6586.62,6872.51,18875552.0,2896966.0,0.0,0.0,4.92,0.0,0.0,0.0,-1.0,-1.0,0.0,0.0,0.0,0.0
0,sz399005,6856.15,6856.56,6877.07,18902521.0,9451260.0,9451260.0,0.0,0.0,0.0,0.0,0.0,0.0,0.0,0.0,0.0,0.0,0.0,0.0,0.0,0.0,0.0,0.0,0.0,0.0,0.0,0.0,11.0,20150826112543,-0.41,-0.01,6924.17,6586.62,6872.51,18902521.0,2900850.0,0.0,0.0,4.92,0.0,0.0,0.0,-1.0,-1.0,0.0,0.0,0.0,0.0
0,sz399005,6847.52,6856.56,6877.07,18926851.0,9463426.0,9463426.0,0.0,0.0,0.0,0.0,0.0,0.0,0.0,0.0,0.0,0.0,0.0,0.0,0.0,0.0,0.0,0.0,0.0,0.0,0.0,0.0,11.0,20150826112558,-9.04,-0.13,6924.17,6586.62,6872.51,18926851.0,2904942.0,0.0,0.0,4.92,0.0,0.0,0.0,-1.0,-1.0,0.0,0.0,0.0,0.0
0,sz399005,6844.56,6856.56,6877.07,18951946.0,9475973.0,9475973.0,0.0,0.0,0.0,0.0,0.0,0.0,0.0,0.0,0.0,0.0,0.0,0.0,0.0,0.0,0.0,0.0,0.0,0.0,0.0,0.0,11.0,20150826112613,-12.0,-0.18,6924.17,6586.62,6847.52,18951946.0,2909223.0,0.0,0.0,4.92,0.0,0.0,0.0,-1.0,-1.0,0.0,0.0,0.0,0.0
0,sz399005,6841.63,6856.56,6877.07,18976996.0,9488498.0,9488498.0,0.0,0.0,0.0,0.0,0.0,0.0,0.0,0.0,0.0,0.0,0.0,0.0,0.0,0.0,0.0,0.0,0.0,0.0,0.0,0.0,11.0,20150826112631,-14.93,-0.22,6924.17,6586.62,6847.52,18976996.0,2913218.0,0.0,0.0,4.92,0.0,0.0,0.0,-1.0,-1.0,0.0,0.0,0.0,0.0
0,sz399005,6837.86,6856.56,6877.07,19002239.0,9501120.0,9501120.0,0.0,0.0,0.0,0.0,0.0,0.0,0.0,0.0,0.0,0.0,0.0,0.0,0.0,0.0,0.0,0.0,0.0,0.0,0.0,0.0,11.0,20150826112646,-18.7,-0.27,6924.17,6586.62,6847.52,19002239.0,2917316.0,0.0,0.0,4.92,0.0,0.0,0.0,-1.0,-1.0,0.0,0.0,0.0,0.0
0,sz399005,6832.83,6856.56,6877.07,19027091.0,9513546.0,9513546.0,0.0,0.0,0.0,0.0,0.0,0.0,0.0,0.0,0.0,0.0,0.0,0.0,0.0,0.0,0.0,0.0,0.0,0.0,0.0,0.0,11.0,20150826112701,-23.73,-0.35,6924.17,6586.62,6833.46,19027091.0,2921346.0,0.0,0.0,4.92,0.0,0.0,0.0,-1.0,-1.0,0.0,0.0,0.0,0.0
0,sz399005,6831.15,6856.56,6877.07,19052481.0,9526240.0,9526240.0,0.0,0.0,0.0,0.0,0.0,0.0,0.0,0.0,0.0,0.0,0.0,0.0,0.0,0.0,0.0,0.0,0.0,0.0,0.0,0.0,11.0,20150826112716,-25.41,-0.37,6924.17,6586.62,6833.46,19052481.0,2925429.0,0.0,0.0,4.92,0.0,0.0,0.0,-1.0,-1.0,0.0,0.0,0.0,0.0
0,sz399005,6837.58,6856.56,6877.07,19086546.0,9543273.0,9543273.0,0.0,0.0,0.0,0.0,0.0,0.0,0.0,0.0,0.0,0.0,0.0,0.0,0.0,0.0,0.0,0.0,0.0,0.0,0.0,0.0,11.0,20150826112731,-18.98,-0.28,6924.17,6586.62,6833.46,19086546.0,2930822.0,0.0,0.0,4.92,0.0,0.0,0.0,-1.0,-1.0,0.0,0.0,0.0,0.0
0,sz399005,6843.96,6856.56,6877.07,19126723.0,9563362.0,9563362.0,0.0,0.0,0.0,0.0,0.0,0.0,0.0,0.0,0.0,0.0,0.0,0.0,0.0,0.0,0.0,0.0,0.0,0.0,0.0,0.0,11.0,20150826112746,-12.6,-0.18,6924.17,6586.62,6833.46,19126723.0,2937111.0,0.0,0.0,4.92,0.0,0.0,0.0,-1.0,-1.0,0.0,0.0,0.0,0.0
0,sz399005,6846.61,6856.56,6877.07,19150745.0,9575372.0,9575372.0,0.0,0.0,0.0,0.0,0.0,0.0,0.0,0.0,0.0,0.0,0.0,0.0,0.0,0.0,0.0,0.0,0.0,0.0,0.0,0.0,11.0,20150826112804,-9.95,-0.15,6924.17,6586.62,6843.74,19150745.0,2940865.0,0.0,0.0,4.92,0.0,0.0,0.0,-1.0,-1.0,0.0,0.0,0.0,0.0
0,sz399005,6848.29,6856.56,6877.07,19183200.0,9591600.0,9591600.0,0.0,0.0,0.0,0.0,0.0,0.0,0.0,0.0,0.0,0.0,0.0,0.0,0.0,0.0,0.0,0.0,0.0,0.0,0.0,0.0,11.0,20150826112819,-8.27,-0.12,6924.17,6586.62,6843.74,19183200.0,2945735.0,0.0,0.0,4.92,0.0,0.0,0.0,-1.0,-1.0,0.0,0.0,0.0,0.0
0,sz399005,6853.91,6856.56,6877.07,19211169.0,9605584.0,9605584.0,0.0,0.0,0.0,0.0,0.0,0.0,0.0,0.0,0.0,0.0,0.0,0.0,0.0,0.0,0.0,0.0,0.0,0.0,0.0,0.0,11.0,20150826112837,-2.65,-0.04,6924.17,6586.62,6843.74,19211169.0,2949877.0,0.0,0.0,4.92,0.0,0.0,0.0,-1.0,-1.0,0.0,0.0,0.0,0.0
0,sz399005,6859.09,6856.56,6877.07,19232957.0,9616478.0,9616478.0,0.0,0.0,0.0,0.0,0.0,0.0,0.0,0.0,0.0,0.0,0.0,0.0,0.0,0.0,0.0,0.0,0.0,0.0,0.0,0.0,11.0,20150826112852,2.53,0.04,6924.17,6586.62,6843.74,19232957.0,2953367.0,0.0,0.0,4.92,0.0,0.0,0.0,-1.0,-1.0,0.0,0.0,0.0,0.0
0,sz399005,6859.69,6856.56,6877.07,19270095.0,9635048.0,9635048.0,0.0,0.0,0.0,0.0,0.0,0.0,0.0,0.0,0.0,0.0,0.0,0.0,0.0,0.0,0.0,0.0,0.0,0.0,0.0,0.0,11.0,20150826112907,3.13,0.05,6924.17,6586.62,6857.39,19270095.0,2959017.0,0.0,0.0,4.92,0.0,0.0,0.0,-1.0,-1.0,0.0,0.0,0.0,0.0
0,sz399005,6861.97,6856.56,6877.07,19291096.0,9645548.0,9645548.0,0.0,0.0,0.0,0.0,0.0,0.0,0.0,0.0,0.0,0.0,0.0,0.0,0.0,0.0,0.0,0.0,0.0,0.0,0.0,0.0,11.0,20150826112922,5.41,0.08,6924.17,6586.62,6857.39,19291096.0,2962521.0,0.0,0.0,4.92,0.0,0.0,0.0,-1.0,-1.0,0.0,0.0,0.0,0.0
0,sz399005,6864.31,6856.56,6877.07,19317718.0,9658859.0,9658859.0,0.0,0.0,0.0,0.0,0.0,0.0,0.0,0.0,0.0,0.0,0.0,0.0,0.0,0.0,0.0,0.0,0.0,0.0,0.0,0.0,11.0,20150826112940,7.75,0.11,6924.17,6586.62,6857.39,19317718.0,2966737.0,0.0,0.0,4.92,0.0,0.0,0.0,-1.0,-1.0,0.0,0.0,0.0,0.0
0,sz399005,6870.49,6856.56,6877.07,19350866.0,9675433.0,9675433.0,0.0,0.0,0.0,0.0,0.0,0.0,0.0,0.0,0.0,0.0,0.0,0.0,0.0,0.0,0.0,0.0,0.0,0.0,0.0,0.0,11.0,20150826112958,13.93,0.2,6924.17,6586.62,6857.39,19350866.0,2971977.0,0.0,0.0,4.92,0.0,0.0,0.0,-1.0,-1.0,0.0,0.0,0.0,0.0
0,sz399005,6872.26,6856.56,6877.07,19355915.0,9677958.0,9677958.0,0.0,0.0,0.0,0.0,0.0,0.0,0.0,0.0,0.0,0.0,0.0,0.0,0.0,0.0,0.0,0.0,0.0,0.0,0.0,0.0,11.0,20150826113007,15.69,0.23,6924.17,6586.62,6870.49,19355915.0,2972918.0,0.0,0.0,4.92,0.0,0.0,0.0,-1.0,-1.0,0.0,0.0,0.0,0.0
0,sz399005,6872.26,6856.56,6877.07,19355915.0,9677958.0,9677958.0,0.0,0.0,0.0,0.0,0.0,0.0,0.0,0.0,0.0,0.0,0.0,0.0,0.0,0.0,0.0,0.0,0.0,0.0,0.0,0.0,11.0,20150826113022,15.69,0.23,6924.17,6586.62,6870.49,19355915.0,2972918.0,0.0,0.0,4.92,0.0,0.0,0.0,-1.0,-1.0,0.0,0.0,0.0,0.0
0,sz399005,6872.26,6856.56,6877.07,19355915.0,9677958.0,9677958.0,0.0,0.0,0.0,0.0,0.0,0.0,0.0,0.0,0.0,0.0,0.0,0.0,0.0,0.0,0.0,0.0,0.0,0.0,0.0,0.0,11.0,20150826113046,15.69,0.23,6924.17,6586.62,6870.49,19355915.0,2972918.0,0.0,0.0,4.92,0.0,0.0,0.0,-1.0,-1.0,0.0,0.0,0.0,0.0
0,sz399005,6872.26,6856.56,6877.07,19355915.0,9677958.0,9677958.0,0.0,0.0,0.0,0.0,0.0,0.0,0.0,0.0,0.0,0.0,0.0,0.0,0.0,0.0,0.0,0.0,0.0,0.0,0.0,0.0,11.0,20150826113049,15.69,0.23,6924.17,6586.62,6870.49,19355915.0,2972918.0,0.0,0.0,4.92,0.0,0.0,0.0,-1.0,-1.0,0.0,0.0,0.0,0.0
0,sz399005,6872.26,6856.56,6877.07,19355915.0,9677958.0,9677958.0,0.0,0.0,0.0,0.0,0.0,0.0,0.0,0.0,0.0,0.0,0.0,0.0,0.0,0.0,0.0,0.0,0.0,0.0,0.0,0.0,11.0,20150826124956,15.69,0.23,6924.17,6586.62,6870.49,19355915.0,2972918.0,0.0,0.0,4.92,0.0,0.0,0.0,-1.0,-1.0,0.0,0.0,0.0,0.0
0,sz399005,6926.24,6856.56,6877.07,19609531.0,9804766.0,9804766.0,0.0,0.0,0.0,0.0,0.0,0.0,0.0,0.0,0.0,0.0,0.0,0.0,0.0,0.0,0.0,0.0,0.0,0.0,0.0,0.0,13.0,20150826130011,69.67,1.02,6926.24,6586.62,6870.49,19609531.0,3010388.0,0.0,0.0,4.95,0.0,0.0,0.0,-1.0,-1.0,0.0,0.0,0.0,0.0
0,sz399005,6939.32,6856.56,6877.07,19655244.0,9827622.0,9827622.0,0.0,0.0,0.0,0.0,0.0,0.0,0.0,0.0,0.0,0.0,0.0,0.0,0.0,0.0,0.0,0.0,0.0,0.0,0.0,0.0,13.0,20150826130030,82.76,1.21,6939.32,6586.62,6870.49,19655244.0,3017817.0,0.0,0.0,5.14,0.0,0.0,0.0,-1.0,-1.0,0.0,0.0,0.0,0.0
0,sz399005,6956.09,6856.56,6877.07,19729214.0,9864607.0,9864607.0,0.0,0.0,0.0,0.0,0.0,0.0,0.0,0.0,0.0,0.0,0.0,0.0,0.0,0.0,0.0,0.0,0.0,0.0,0.0,0.0,13.0,20150826130044,99.53,1.45,6956.09,6586.62,6870.49,19729214.0,3029391.0,0.0,0.0,5.39,0.0,0.0,0.0,-1.0,-1.0,0.0,0.0,0.0,0.0
0,sz399005,6970.48,6856.56,6877.07,19793867.0,9896934.0,9896934.0,0.0,0.0,0.0,0.0,0.0,0.0,0.0,0.0,0.0,0.0,0.0,0.0,0.0,0.0,0.0,0.0,0.0,0.0,0.0,0.0,13.0,20150826130105,113.92,1.66,6970.48,6586.62,6967.28,19793867.0,3039094.0,0.0,0.0,5.6,0.0,0.0,0.0,-1.0,-1.0,0.0,0.0,0.0,0.0
0,sz399005,6980.64,6856.56,6877.07,19847873.0,9923936.0,9923936.0,0.0,0.0,0.0,0.0,0.0,0.0,0.0,0.0,0.0,0.0,0.0,0.0,0.0,0.0,0.0,0.0,0.0,0.0,0.0,0.0,13.0,20150826130121,124.08,1.81,6980.64,6586.62,6967.28,19847873.0,3047446.0,0.0,0.0,5.75,0.0,0.0,0.0,-1.0,-1.0,0.0,0.0,0.0,0.0
0,sz399005,6989.48,6856.56,6877.07,19920240.0,9960120.0,9960120.0,0.0,0.0,0.0,0.0,0.0,0.0,0.0,0.0,0.0,0.0,0.0,0.0,0.0,0.0,0.0,0.0,0.0,0.0,0.0,0.0,13.0,20150826130138,132.92,1.94,6989.48,6586.62,6967.28,19920240.0,3058397.0,0.0,0.0,5.88,0.0,0.0,0.0,-1.0,-1.0,0.0,0.0,0.0,0.0
0,sz399005,6999.51,6856.56,6877.07,19991267.0,9995634.0,9995634.0,0.0,0.0,0.0,0.0,0.0,0.0,0.0,0.0,0.0,0.0,0.0,0.0,0.0,0.0,0.0,0.0,0.0,0.0,0.0,0.0,13.0,20150826130153,142.95,2.08,6999.51,6586.62,6967.28,19991267.0,3069598.0,0.0,0.0,6.02,0.0,0.0,0.0,-1.0,-1.0,0.0,0.0,0.0,0.0
0,sz399005,7003.14,6856.56,6877.07,20053737.0,10026868.0,10026868.0,0.0,0.0,0.0,0.0,0.0,0.0,0.0,0.0,0.0,0.0,0.0,0.0,0.0,0.0,0.0,0.0,0.0,0.0,0.0,0.0,13.0,20150826130212,146.58,2.14,7003.14,6586.62,6999.52,20053737.0,3079258.0,0.0,0.0,6.07,0.0,0.0,0.0,-1.0,-1.0,0.0,0.0,0.0,0.0
0,sz399005,7015.46,6856.56,6877.07,20129996.0,10064998.0,10064998.0,0.0,0.0,0.0,0.0,0.0,0.0,0.0,0.0,0.0,0.0,0.0,0.0,0.0,0.0,0.0,0.0,0.0,0.0,0.0,0.0,13.0,20150826130227,158.9,2.32,7015.46,6586.62,6999.52,20129996.0,3090962.0,0.0,0.0,6.25,0.0,0.0,0.0,-1.0,-1.0,0.0,0.0,0.0,0.0
0,sz399005,7017.52,6856.56,6877.07,20210323.0,10105162.0,10105162.0,0.0,0.0,0.0,0.0,0.0,0.0,0.0,0.0,0.0,0.0,0.0,0.0,0.0,0.0,0.0,0.0,0.0,0.0,0.0,0.0,13.0,20150826130244,160.96,2.35,7017.52,6586.62,6999.52,20210323.0,3103725.0,0.0,0.0,6.28,0.0,0.0,0.0,-1.0,-1.0,0.0,0.0,0.0,0.0
0,sz399005,7019.6,6856.56,6877.07,20265623.0,10132812.0,10132812.0,0.0,0.0,0.0,0.0,0.0,0.0,0.0,0.0,0.0,0.0,0.0,0.0,0.0,0.0,0.0,0.0,0.0,0.0,0.0,0.0,13.0,20150826130302,163.04,2.38,7020.44,6586.62,7020.44,20265623.0,3112054.0,0.0,0.0,6.33,0.0,0.0,0.0,-1.0,-1.0,0.0,0.0,0.0,0.0
0,sz399005,7022.07,6856.56,6877.07,20327768.0,10163884.0,10163884.0,0.0,0.0,0.0,0.0,0.0,0.0,0.0,0.0,0.0,0.0,0.0,0.0,0.0,0.0,0.0,0.0,0.0,0.0,0.0,0.0,13.0,20150826130320,165.5,2.41,7024.06,6586.62,7020.44,20327768.0,3122201.0,0.0,0.0,6.38,0.0,0.0,0.0,-1.0,-1.0,0.0,0.0,0.0,0.0
0,sz399005,7030.04,6856.56,6877.07,20403276.0,10201638.0,10201638.0,0.0,0.0,0.0,0.0,0.0,0.0,0.0,0.0,0.0,0.0,0.0,0.0,0.0,0.0,0.0,0.0,0.0,0.0,0.0,0.0,13.0,20150826130335,173.47,2.53,7030.04,6586.62,7020.44,20403276.0,3134784.0,0.0,0.0,6.47,0.0,0.0,0.0,-1.0,-1.0,0.0,0.0,0.0,0.0
0,sz399005,7037.46,6856.56,6877.07,20458519.0,10229260.0,10229260.0,0.0,0.0,0.0,0.0,0.0,0.0,0.0,0.0,0.0,0.0,0.0,0.0,0.0,0.0,0.0,0.0,0.0,0.0,0.0,0.0,13.0,20150826130357,180.9,2.64,7037.46,6586.62,7020.44,20458519.0,3144775.0,0.0,0.0,6.58,0.0,0.0,0.0,-1.0,-1.0,0.0,0.0,0.0,0.0
0,sz399005,7040.27,6856.56,6877.07,20493470.0,10246735.0,10246735.0,0.0,0.0,0.0,0.0,0.0,0.0,0.0,0.0,0.0,0.0,0.0,0.0,0.0,0.0,0.0,0.0,0.0,0.0,0.0,0.0,13.0,20150826130412,183.71,2.68,7040.27,6586.62,7039.44,20493470.0,3150393.0,0.0,0.0,6.62,0.0,0.0,0.0,-1.0,-1.0,0.0,0.0,0.0,0.0
0,sz399005,7042.68,6856.56,6877.07,20559988.0,10279994.0,10279994.0,0.0,0.0,0.0,0.0,0.0,0.0,0.0,0.0,0.0,0.0,0.0,0.0,0.0,0.0,0.0,0.0,0.0,0.0,0.0,0.0,13.0,20150826130429,186.12,2.71,7042.68,6586.62,7039.44,20559988.0,3162051.0,0.0,0.0,6.65,0.0,0.0,0.0,-1.0,-1.0,0.0,0.0,0.0,0.0
0,sz399005,7045.56,6856.56,6877.07,20642133.0,10321066.0,10321066.0,0.0,0.0,0.0,0.0,0.0,0.0,0.0,0.0,0.0,0.0,0.0,0.0,0.0,0.0,0.0,0.0,0.0,0.0,0.0,0.0,13.0,20150826130447,189.0,2.76,7046.42,6586.62,7039.44,20642133.0,3176092.0,0.0,0.0,6.71,0.0,0.0,0.0,-1.0,-1.0,0.0,0.0,0.0,0.0
0,sz399005,7046.54,6856.56,6877.07,20711112.0,10355556.0,10355556.0,0.0,0.0,0.0,0.0,0.0,0.0,0.0,0.0,0.0,0.0,0.0,0.0,0.0,0.0,0.0,0.0,0.0,0.0,0.0,0.0,13.0,20150826130505,189.98,2.77,7046.54,6586.62,7045.53,20711112.0,3187174.0,0.0,0.0,6.71,0.0,0.0,0.0,-1.0,-1.0,0.0,0.0,0.0,0.0
0,sz399005,7047.15,6856.56,6877.07,20774671.0,10387336.0,10387336.0,0.0,0.0,0.0,0.0,0.0,0.0,0.0,0.0,0.0,0.0,0.0,0.0,0.0,0.0,0.0,0.0,0.0,0.0,0.0,0.0,13.0,20150826130523,190.59,2.78,7047.64,6586.62,7045.53,20774671.0,3197420.0,0.0,0.0,6.72,0.0,0.0,0.0,-1.0,-1.0,0.0,0.0,0.0,0.0
0,sz399005,7041.64,6856.56,6877.07,20851844.0,10425922.0,10425922.0,0.0,0.0,0.0,0.0,0.0,0.0,0.0,0.0,0.0,0.0,0.0,0.0,0.0,0.0,0.0,0.0,0.0,0.0,0.0,0.0,13.0,20150826130538,185.08,2.7,7047.64,6586.62,7045.53,20851844.0,3210795.0,0.0,0.0,6.72,0.0,0.0,0.0,-1.0,-1.0,0.0,0.0,0.0,0.0
0,sz399005,7033.11,6856.56,6877.07,20933116.0,10466558.0,10466558.0,0.0,0.0,0.0,0.0,0.0,0.0,0.0,0.0,0.0,0.0,0.0,0.0,0.0,0.0,0.0,0.0,0.0,0.0,0.0,0.0,13.0,20150826130557,176.55,2.57,7047.64,6586.62,7045.53,20933116.0,3223453.0,0.0,0.0,6.72,0.0,0.0,0.0,-1.0,-1.0,0.0,0.0,0.0,0.0
0,sz399005,7024.78,6856.56,6877.07,20991325.0,10495662.0,10495662.0,0.0,0.0,0.0,0.0,0.0,0.0,0.0,0.0,0.0,0.0,0.0,0.0,0.0,0.0,0.0,0.0,0.0,0.0,0.0,0.0,13.0,20150826130618,168.22,2.45,7047.64,6586.62,7033.11,20991325.0,3232882.0,0.0,0.0,6.72,0.0,0.0,0.0,-1.0,-1.0,0.0,0.0,0.0,0.0
0,sz399005,7017.77,6856.56,6877.07,21037419.0,10518710.0,10518710.0,0.0,0.0,0.0,0.0,0.0,0.0,0.0,0.0,0.0,0.0,0.0,0.0,0.0,0.0,0.0,0.0,0.0,0.0,0.0,0.0,13.0,20150826130633,161.21,2.35,7047.64,6586.62,7033.11,21037419.0,3239908.0,0.0,0.0,6.72,0.0,0.0,0.0,-1.0,-1.0,0.0,0.0,0.0,0.0
0,sz399005,7007.8,6856.56,6877.07,21086202.0,10543101.0,10543101.0,0.0,0.0,0.0,0.0,0.0,0.0,0.0,0.0,0.0,0.0,0.0,0.0,0.0,0.0,0.0,0.0,0.0,0.0,0.0,0.0,13.0,20150826130651,151.24,2.21,7047.64,6586.62,7033.11,21086202.0,3248002.0,0.0,0.0,6.72,0.0,0.0,0.0,-1.0,-1.0,0.0,0.0,0.0,0.0
0,sz399005,6997.43,6856.56,6877.07,21127706.0,10563853.0,10563853.0,0.0,0.0,0.0,0.0,0.0,0.0,0.0,0.0,0.0,0.0,0.0,0.0,0.0,0.0,0.0,0.0,0.0,0.0,0.0,0.0,13.0,20150826130709,140.87,2.05,7047.64,6586.62,7003.73,21127706.0,3254724.0,0.0,0.0,6.72,0.0,0.0,0.0,-1.0,-1.0,0.0,0.0,0.0,0.0
0,sz399005,6991.12,6856.56,6877.07,21169856.0,10584928.0,10584928.0,0.0,0.0,0.0,0.0,0.0,0.0,0.0,0.0,0.0,0.0,0.0,0.0,0.0,0.0,0.0,0.0,0.0,0.0,0.0,0.0,13.0,20150826130727,134.56,1.96,7047.64,6586.62,7003.73,21169856.0,3261478.0,0.0,0.0,6.72,0.0,0.0,0.0,-1.0,-1.0,0.0,0.0,0.0,0.0
0,sz399005,6985.71,6856.56,6877.07,21208407.0,10604204.0,10604204.0,0.0,0.0,0.0,0.0,0.0,0.0,0.0,0.0,0.0,0.0,0.0,0.0,0.0,0.0,0.0,0.0,0.0,0.0,0.0,0.0,13.0,20150826130748,129.15,1.88,7047.64,6586.62,7003.73,21208407.0,3267557.0,0.0,0.0,6.72,0.0,0.0,0.0,-1.0,-1.0,0.0,0.0,0.0,0.0
0,sz399005,6982.62,6856.56,6877.07,21250753.0,10625376.0,10625376.0,0.0,0.0,0.0,0.0,0.0,0.0,0.0,0.0,0.0,0.0,0.0,0.0,0.0,0.0,0.0,0.0,0.0,0.0,0.0,0.0,13.0,20150826130806,126.06,1.84,7047.64,6586.62,6984.78,21250753.0,3274525.0,0.0,0.0,6.72,0.0,0.0,0.0,-1.0,-1.0,0.0,0.0,0.0,0.0
0,sz399005,6983.22,6856.56,6877.07,21289433.0,10644716.0,10644716.0,0.0,0.0,0.0,0.0,0.0,0.0,0.0,0.0,0.0,0.0,0.0,0.0,0.0,0.0,0.0,0.0,0.0,0.0,0.0,0.0,13.0,20150826130824,126.66,1.85,7047.64,6586.62,6984.78,21289433.0,3280865.0,0.0,0.0,6.72,0.0,0.0,0.0,-1.0,-1.0,0.0,0.0,0.0,0.0
0,sz399005,6986.57,6856.56,6877.07,21327199.0,10663600.0,10663600.0,0.0,0.0,0.0,0.0,0.0,0.0,0.0,0.0,0.0,0.0,0.0,0.0,0.0,0.0,0.0,0.0,0.0,0.0,0.0,0.0,13.0,20150826130842,130.01,1.9,7047.64,6586.62,6984.78,21327199.0,3286842.0,0.0,0.0,6.72,0.0,0.0,0.0,-1.0,-1.0,0.0,0.0,0.0,0.0
0,sz399005,6994.79,6856.56,6877.07,21364157.0,10682078.0,10682078.0,0.0,0.0,0.0,0.0,0.0,0.0,0.0,0.0,0.0,0.0,0.0,0.0,0.0,0.0,0.0,0.0,0.0,0.0,0.0,0.0,13.0,20150826130900,138.22,2.02,7047.64,6586.62,6984.78,21364157.0,3293022.0,0.0,0.0,6.72,0.0,0.0,0.0,-1.0,-1.0,0.0,0.0,0.0,0.0
0,sz399005,7006.35,6856.56,6877.07,21406380.0,10703190.0,10703190.0,0.0,0.0,0.0,0.0,0.0,0.0,0.0,0.0,0.0,0.0,0.0,0.0,0.0,0.0,0.0,0.0,0.0,0.0,0.0,0.0,13.0,20150826130918,149.79,2.18,7047.64,6586.62,6994.79,21406380.0,3300262.0,0.0,0.0,6.72,0.0,0.0,0.0,-1.0,-1.0,0.0,0.0,0.0,0.0
0,sz399005,7013.36,6856.56,6877.07,21442614.0,10721307.0,10721307.0,0.0,0.0,0.0,0.0,0.0,0.0,0.0,0.0,0.0,0.0,0.0,0.0,0.0,0.0,0.0,0.0,0.0,0.0,0.0,0.0,13.0,20150826130936,156.79,2.29,7047.64,6586.62,6994.79,21442614.0,3305938.0,0.0,0.0,6.72,0.0,0.0,0.0,-1.0,-1.0,0.0,0.0,0.0,0.0
0,sz399005,7022.74,6856.56,6877.07,21489370.0,10744685.0,10744685.0,0.0,0.0,0.0,0.0,0.0,0.0,0.0,0.0,0.0,0.0,0.0,0.0,0.0,0.0,0.0,0.0,0.0,0.0,0.0,0.0,13.0,20150826130957,166.18,2.42,7047.64,6586.62,6994.79,21489370.0,3313049.0,0.0,0.0,6.72,0.0,0.0,0.0,-1.0,-1.0,0.0,0.0,0.0,0.0
0,sz399005,7028.51,6856.56,6877.07,21536229.0,10768114.0,10768114.0,0.0,0.0,0.0,0.0,0.0,0.0,0.0,0.0,0.0,0.0,0.0,0.0,0.0,0.0,0.0,0.0,0.0,0.0,0.0,0.0,13.0,20150826131015,171.95,2.51,7047.64,6586.62,7023.47,21536229.0,3320473.0,0.0,0.0,6.72,0.0,0.0,0.0,-1.0,-1.0,0.0,0.0,0.0,0.0
0,sz399005,7036.04,6856.56,6877.07,21593456.0,10796728.0,10796728.0,0.0,0.0,0.0,0.0,0.0,0.0,0.0,0.0,0.0,0.0,0.0,0.0,0.0,0.0,0.0,0.0,0.0,0.0,0.0,0.0,13.0,20150826131036,179.48,2.62,7047.64,6586.62,7023.47,21593456.0,3329604.0,0.0,0.0,6.72,0.0,0.0,0.0,-1.0,-1.0,0.0,0.0,0.0,0.0
0,sz399005,7038.26,6856.56,6877.07,21634559.0,10817280.0,10817280.0,0.0,0.0,0.0,0.0,0.0,0.0,0.0,0.0,0.0,0.0,0.0,0.0,0.0,0.0,0.0,0.0,0.0,0.0,0.0,0.0,13.0,20150826131054,181.7,2.65,7047.64,6586.62,7023.47,21634559.0,3336173.0,0.0,0.0,6.72,0.0,0.0,0.0,-1.0,-1.0,0.0,0.0,0.0,0.0
0,sz399005,7040.36,6856.56,6877.07,21669312.0,10834656.0,10834656.0,0.0,0.0,0.0,0.0,0.0,0.0,0.0,0.0,0.0,0.0,0.0,0.0,0.0,0.0,0.0,0.0,0.0,0.0,0.0,0.0,13.0,20150826131112,183.8,2.68,7047.64,6586.62,7040.15,21669312.0,3341526.0,0.0,0.0,6.72,0.0,0.0,0.0,-1.0,-1.0,0.0,0.0,0.0,0.0
0,sz399005,7043.42,6856.56,6877.07,21712976.0,10856488.0,10856488.0,0.0,0.0,0.0,0.0,0.0,0.0,0.0,0.0,0.0,0.0,0.0,0.0,0.0,0.0,0.0,0.0,0.0,0.0,0.0,0.0,13.0,20150826131127,186.86,2.73,7047.64,6586.62,7040.15,21712976.0,3348906.0,0.0,0.0,6.72,0.0,0.0,0.0,-1.0,-1.0,0.0,0.0,0.0,0.0
0,sz399005,7041.0,6856.56,6877.07,21767825.0,10883912.0,10883912.0,0.0,0.0,0.0,0.0,0.0,0.0,0.0,0.0,0.0,0.0,0.0,0.0,0.0,0.0,0.0,0.0,0.0,0.0,0.0,0.0,13.0,20150826131145,184.43,2.69,7047.64,6586.62,7040.15,21767825.0,3357933.0,0.0,0.0,6.72,0.0,0.0,0.0,-1.0,-1.0,0.0,0.0,0.0,0.0
0,sz399005,7036.59,6856.56,6877.07,21832552.0,10916276.0,10916276.0,0.0,0.0,0.0,0.0,0.0,0.0,0.0,0.0,0.0,0.0,0.0,0.0,0.0,0.0,0.0,0.0,0.0,0.0,0.0,0.0,13.0,20150826131209,180.02,2.63,7047.64,6586.62,7035.72,21832552.0,3368587.0,0.0,0.0,6.72,0.0,0.0,0.0,-1.0,-1.0,0.0,0.0,0.0,0.0
0,sz399005,7032.95,6856.56,6877.07,21879826.0,10939913.0,10939913.0,0.0,0.0,0.0,0.0,0.0,0.0,0.0,0.0,0.0,0.0,0.0,0.0,0.0,0.0,0.0,0.0,0.0,0.0,0.0,0.0,13.0,20150826131227,176.39,2.57,7047.64,6586.62,7035.72,21879826.0,3376441.0,0.0,0.0,6.72,0.0,0.0,0.0,-1.0,-1.0,0.0,0.0,0.0,0.0
0,sz399005,7024.56,6856.56,6877.07,21927928.0,10963964.0,10963964.0,0.0,0.0,0.0,0.0,0.0,0.0,0.0,0.0,0.0,0.0,0.0,0.0,0.0,0.0,0.0,0.0,0.0,0.0,0.0,0.0,13.0,20150826131245,168.0,2.45,7047.64,6586.62,7035.72,21927928.0,3384138.0,0.0,0.0,6.72,0.0,0.0,0.0,-1.0,-1.0,0.0,0.0,0.0,0.0
0,sz399005,7016.65,6856.56,6877.07,21980837.0,10990418.0,10990418.0,0.0,0.0,0.0,0.0,0.0,0.0,0.0,0.0,0.0,0.0,0.0,0.0,0.0,0.0,0.0,0.0,0.0,0.0,0.0,0.0,13.0,20150826131306,160.09,2.33,7047.64,6586.62,7017.37,21980837.0,3392679.0,0.0,0.0,6.72,0.0,0.0,0.0,-1.0,-1.0,0.0,0.0,0.0,0.0
0,sz399005,7013.77,6856.56,6877.07,22028314.0,11014157.0,11014157.0,0.0,0.0,0.0,0.0,0.0,0.0,0.0,0.0,0.0,0.0,0.0,0.0,0.0,0.0,0.0,0.0,0.0,0.0,0.0,0.0,13.0,20150826131324,157.21,2.29,7047.64,6586.62,7017.37,22028314.0,3400383.0,0.0,0.0,6.72,0.0,0.0,0.0,-1.0,-1.0,0.0,0.0,0.0,0.0
0,sz399005,7013.95,6856.56,6877.07,22071554.0,11035777.0,11035777.0,0.0,0.0,0.0,0.0,0.0,0.0,0.0,0.0,0.0,0.0,0.0,0.0,0.0,0.0,0.0,0.0,0.0,0.0,0.0,0.0,13.0,20150826131342,157.39,2.3,7047.64,6586.62,7017.37,22071554.0,3406888.0,0.0,0.0,6.72,0.0,0.0,0.0,-1.0,-1.0,0.0,0.0,0.0,0.0
0,sz399005,7014.61,6856.56,6877.07,22114499.0,11057250.0,11057250.0,0.0,0.0,0.0,0.0,0.0,0.0,0.0,0.0,0.0,0.0,0.0,0.0,0.0,0.0,0.0,0.0,0.0,0.0,0.0,0.0,13.0,20150826131403,158.05,2.31,7047.64,6586.62,7013.7,22114499.0,3413843.0,0.0,0.0,6.72,0.0,0.0,0.0,-1.0,-1.0,0.0,0.0,0.0,0.0
0,sz399005,7012.05,6856.56,6877.07,22146093.0,11073046.0,11073046.0,0.0,0.0,0.0,0.0,0.0,0.0,0.0,0.0,0.0,0.0,0.0,0.0,0.0,0.0,0.0,0.0,0.0,0.0,0.0,0.0,13.0,20150826131421,155.49,2.27,7047.64,6586.62,7013.7,22146093.0,3419002.0,0.0,0.0,6.72,0.0,0.0,0.0,-1.0,-1.0,0.0,0.0,0.0,0.0
0,sz399005,7010.45,6856.56,6877.07,22185372.0,11092686.0,11092686.0,0.0,0.0,0.0,0.0,0.0,0.0,0.0,0.0,0.0,0.0,0.0,0.0,0.0,0.0,0.0,0.0,0.0,0.0,0.0,0.0,13.0,20150826131439,153.88,2.24,7047.64,6586.62,7013.7,22185372.0,3425624.0,0.0,0.0,6.72,0.0,0.0,0.0,-1.0,-1.0,0.0,0.0,0.0,0.0
0,sz399005,7012.27,6856.56,6877.07,22223022.0,11111511.0,11111511.0,0.0,0.0,0.0,0.0,0.0,0.0,0.0,0.0,0.0,0.0,0.0,0.0,0.0,0.0,0.0,0.0,0.0,0.0,0.0,0.0,13.0,20150826131458,155.71,2.27,7047.64,6586.62,7013.7,22223022.0,3432159.0,0.0,0.0,6.72,0.0,0.0,0.0,-1.0,-1.0,0.0,0.0,0.0,0.0
0,sz399005,7012.28,6856.56,6877.07,22262828.0,11131414.0,11131414.0,0.0,0.0,0.0,0.0,0.0,0.0,0.0,0.0,0.0,0.0,0.0,0.0,0.0,0.0,0.0,0.0,0.0,0.0,0.0,0.0,13.0,20150826131518,155.72,2.27,7047.64,6586.62,7012.27,22262828.0,3438631.0,0.0,0.0,6.72,0.0,0.0,0.0,-1.0,-1.0,0.0,0.0,0.0,0.0
0,sz399005,7017.55,6856.56,6877.07,22302847.0,11151424.0,11151424.0,0.0,0.0,0.0,0.0,0.0,0.0,0.0,0.0,0.0,0.0,0.0,0.0,0.0,0.0,0.0,0.0,0.0,0.0,0.0,0.0,13.0,20150826131539,160.99,2.35,7047.64,6586.62,7012.27,22302847.0,3445101.0,0.0,0.0,6.72,0.0,0.0,0.0,-1.0,-1.0,0.0,0.0,0.0,0.0
0,sz399005,7023.44,6856.56,6877.07,22343318.0,11171659.0,11171659.0,0.0,0.0,0.0,0.0,0.0,0.0,0.0,0.0,0.0,0.0,0.0,0.0,0.0,0.0,0.0,0.0,0.0,0.0,0.0,0.0,13.0,20150826131558,166.88,2.43,7047.64,6586.62,7012.27,22343318.0,3451876.0,0.0,0.0,6.72,0.0,0.0,0.0,-1.0,-1.0,0.0,0.0,0.0,0.0
0,sz399005,7030.11,6856.56,6877.07,22386042.0,11193021.0,11193021.0,0.0,0.0,0.0,0.0,0.0,0.0,0.0,0.0,0.0,0.0,0.0,0.0,0.0,0.0,0.0,0.0,0.0,0.0,0.0,0.0,13.0,20150826131616,173.55,2.53,7047.64,6586.62,7023.44,22386042.0,3458877.0,0.0,0.0,6.72,0.0,0.0,0.0,-1.0,-1.0,0.0,0.0,0.0,0.0
0,sz399005,7034.21,6856.56,6877.07,22426680.0,11213340.0,11213340.0,0.0,0.0,0.0,0.0,0.0,0.0,0.0,0.0,0.0,0.0,0.0,0.0,0.0,0.0,0.0,0.0,0.0,0.0,0.0,0.0,13.0,20150826131636,177.65,2.59,7047.64,6586.62,7023.44,22426680.0,3465408.0,0.0,0.0,6.72,0.0,0.0,0.0,-1.0,-1.0,0.0,0.0,0.0,0.0
0,sz399005,7042.03,6856.56,6877.07,22475936.0,11237968.0,11237968.0,0.0,0.0,0.0,0.0,0.0,0.0,0.0,0.0,0.0,0.0,0.0,0.0,0.0,0.0,0.0,0.0,0.0,0.0,0.0,0.0,13.0,20150826131655,185.46,2.7,7047.64,6586.62,7023.44,22475936.0,3472789.0,0.0,0.0,6.72,0.0,0.0,0.0,-1.0,-1.0,0.0,0.0,0.0,0.0
0,sz399005,7050.46,6856.56,6877.07,22530272.0,11265136.0,11265136.0,0.0,0.0,0.0,0.0,0.0,0.0,0.0,0.0,0.0,0.0,0.0,0.0,0.0,0.0,0.0,0.0,0.0,0.0,0.0,0.0,13.0,20150826131713,193.9,2.83,7050.46,6586.62,7046.22,22530272.0,3481567.0,0.0,0.0,6.76,0.0,0.0,0.0,-1.0,-1.0,0.0,0.0,0.0,0.0
0,sz399005,7060.89,6856.56,6877.07,22606527.0,11303264.0,11303264.0,0.0,0.0,0.0,0.0,0.0,0.0,0.0,0.0,0.0,0.0,0.0,0.0,0.0,0.0,0.0,0.0,0.0,0.0,0.0,0.0,13.0,20150826131734,204.33,2.98,7060.89,6586.62,7046.22,22606527.0,3494401.0,0.0,0.0,6.92,0.0,0.0,0.0,-1.0,-1.0,0.0,0.0,0.0,0.0
0,sz399005,7071.93,6856.56,6877.07,22705990.0,11352995.0,11352995.0,0.0,0.0,0.0,0.0,0.0,0.0,0.0,0.0,0.0,0.0,0.0,0.0,0.0,0.0,0.0,0.0,0.0,0.0,0.0,0.0,13.0,20150826131752,215.37,3.14,7071.93,6586.62,7046.22,22705990.0,3509490.0,0.0,0.0,7.08,0.0,0.0,0.0,-1.0,-1.0,0.0,0.0,0.0,0.0
0,sz399005,7080.96,6856.56,6877.07,22771582.0,11385791.0,11385791.0,0.0,0.0,0.0,0.0,0.0,0.0,0.0,0.0,0.0,0.0,0.0,0.0,0.0,0.0,0.0,0.0,0.0,0.0,0.0,0.0,13.0,20150826131813,224.4,3.27,7080.96,6586.62,7074.25,22771582.0,3519302.0,0.0,0.0,7.21,0.0,0.0,0.0,-1.0,-1.0,0.0,0.0,0.0,0.0
0,sz399005,7088.3,6856.56,6877.07,22855563.0,11427782.0,11427782.0,0.0,0.0,0.0,0.0,0.0,0.0,0.0,0.0,0.0,0.0,0.0,0.0,0.0,0.0,0.0,0.0,0.0,0.0,0.0,0.0,13.0,20150826131836,231.74,3.38,7088.3,6586.62,7074.25,22855563.0,3532876.0,0.0,0.0,7.32,0.0,0.0,0.0,-1.0,-1.0,0.0,0.0,0.0,0.0
0,sz399005,7097.61,6856.56,6877.07,22944620.0,11472310.0,11472310.0,0.0,0.0,0.0,0.0,0.0,0.0,0.0,0.0,0.0,0.0,0.0,0.0,0.0,0.0,0.0,0.0,0.0,0.0,0.0,0.0,13.0,20150826131852,241.05,3.52,7097.61,6586.62,7074.25,22944620.0,3547336.0,0.0,0.0,7.45,0.0,0.0,0.0,-1.0,-1.0,0.0,0.0,0.0,0.0
0,sz399005,7105.22,6856.56,6877.07,23016073.0,11508036.0,11508036.0,0.0,0.0,0.0,0.0,0.0,0.0,0.0,0.0,0.0,0.0,0.0,0.0,0.0,0.0,0.0,0.0,0.0,0.0,0.0,0.0,13.0,20150826131913,248.66,3.63,7105.22,6586.62,7099.94,23016073.0,3558822.0,0.0,0.0,7.56,0.0,0.0,0.0,-1.0,-1.0,0.0,0.0,0.0,0.0
0,sz399005,7111.09,6856.56,6877.07,23122329.0,11561164.0,11561164.0,0.0,0.0,0.0,0.0,0.0,0.0,0.0,0.0,0.0,0.0,0.0,0.0,0.0,0.0,0.0,0.0,0.0,0.0,0.0,0.0,13.0,20150826131933,254.53,3.71,7111.09,6586.62,7099.94,23122329.0,3575700.0,0.0,0.0,7.65,0.0,0.0,0.0,-1.0,-1.0,0.0,0.0,0.0,0.0
0,sz399005,7115.96,6856.56,6877.07,23210262.0,11605131.0,11605131.0,0.0,0.0,0.0,0.0,0.0,0.0,0.0,0.0,0.0,0.0,0.0,0.0,0.0,0.0,0.0,0.0,0.0,0.0,0.0,0.0,13.0,20150826131954,259.4,3.78,7115.96,6586.62,7099.94,23210262.0,3590331.0,0.0,0.0,7.72,0.0,0.0,0.0,-1.0,-1.0,0.0,0.0,0.0,0.0
0,sz399005,7118.54,6856.56,6877.07,23296492.0,11648246.0,11648246.0,0.0,0.0,0.0,0.0,0.0,0.0,0.0,0.0,0.0,0.0,0.0,0.0,0.0,0.0,0.0,0.0,0.0,0.0,0.0,0.0,13.0,20150826132012,261.98,3.82,7118.61,6586.62,7116.43,23296492.0,3603876.0,0.0,0.0,7.76,0.0,0.0,0.0,-1.0,-1.0,0.0,0.0,0.0,0.0
0,sz399005,7111.27,6856.56,6877.07,23391909.0,11695954.0,11695954.0,0.0,0.0,0.0,0.0,0.0,0.0,0.0,0.0,0.0,0.0,0.0,0.0,0.0,0.0,0.0,0.0,0.0,0.0,0.0,0.0,13.0,20150826132034,254.71,3.71,7118.61,6586.62,7116.43,23391909.0,3618646.0,0.0,0.0,7.76,0.0,0.0,0.0,-1.0,-1.0,0.0,0.0,0.0,0.0
0,sz399005,7114.8,6856.56,6877.07,23460803.0,11730402.0,11730402.0,0.0,0.0,0.0,0.0,0.0,0.0,0.0,0.0,0.0,0.0,0.0,0.0,0.0,0.0,0.0,0.0,0.0,0.0,0.0,0.0,13.0,20150826132054,258.24,3.77,7118.61,6586.62,7116.43,23460803.0,3630044.0,0.0,0.0,7.76,0.0,0.0,0.0,-1.0,-1.0,0.0,0.0,0.0,0.0
0,sz399005,7107.77,6856.56,6877.07,23538786.0,11769393.0,11769393.0,0.0,0.0,0.0,0.0,0.0,0.0,0.0,0.0,0.0,0.0,0.0,0.0,0.0,0.0,0.0,0.0,0.0,0.0,0.0,0.0,13.0,20150826132115,251.21,3.66,7118.61,6586.62,7111.15,23538786.0,3642916.0,0.0,0.0,7.76,0.0,0.0,0.0,-1.0,-1.0,0.0,0.0,0.0,0.0
0,sz399005,7103.23,6856.56,6877.07,23607342.0,11803671.0,11803671.0,0.0,0.0,0.0,0.0,0.0,0.0,0.0,0.0,0.0,0.0,0.0,0.0,0.0,0.0,0.0,0.0,0.0,0.0,0.0,0.0,13.0,20150826132134,246.67,3.6,7118.61,6586.62,7111.15,23607342.0,3654935.0,0.0,0.0,7.76,0.0,0.0,0.0,-1.0,-1.0,0.0,0.0,0.0,0.0
0,sz399005,7095.16,6856.56,6877.07,23672468.0,11836234.0,11836234.0,0.0,0.0,0.0,0.0,0.0,0.0,0.0,0.0,0.0,0.0,0.0,0.0,0.0,0.0,0.0,0.0,0.0,0.0,0.0,0.0,13.0,20150826132154,238.6,3.48,7118.61,6586.62,7111.15,23672468.0,3666372.0,0.0,0.0,7.76,0.0,0.0,0.0,-1.0,-1.0,0.0,0.0,0.0,0.0
0,sz399005,7091.95,6856.56,6877.07,23736587.0,11868294.0,11868294.0,0.0,0.0,0.0,0.0,0.0,0.0,0.0,0.0,0.0,0.0,0.0,0.0,0.0,0.0,0.0,0.0,0.0,0.0,0.0,0.0,13.0,20150826132216,235.39,3.43,7118.61,6586.62,7095.31,23736587.0,3676823.0,0.0,0.0,7.76,0.0,0.0,0.0,-1.0,-1.0,0.0,0.0,0.0,0.0
0,sz399005,7084.79,6856.56,6877.07,23796211.0,11898106.0,11898106.0,0.0,0.0,0.0,0.0,0.0,0.0,0.0,0.0,0.0,0.0,0.0,0.0,0.0,0.0,0.0,0.0,0.0,0.0,0.0,0.0,13.0,20150826132237,228.23,3.33,7118.61,6586.62,7095.31,23796211.0,3686768.0,0.0,0.0,7.76,0.0,0.0,0.0,-1.0,-1.0,0.0,0.0,0.0,0.0
0,sz399005,7079.8,6856.56,6877.07,23850062.0,11925031.0,11925031.0,0.0,0.0,0.0,0.0,0.0,0.0,0.0,0.0,0.0,0.0,0.0,0.0,0.0,0.0,0.0,0.0,0.0,0.0,0.0,0.0,13.0,20150826132258,223.24,3.26,7118.61,6586.62,7095.31,23850062.0,3695145.0,0.0,0.0,7.76,0.0,0.0,0.0,-1.0,-1.0,0.0,0.0,0.0,0.0
0,sz399005,7078.04,6856.56,6877.07,23887574.0,11943787.0,11943787.0,0.0,0.0,0.0,0.0,0.0,0.0,0.0,0.0,0.0,0.0,0.0,0.0,0.0,0.0,0.0,0.0,0.0,0.0,0.0,0.0,13.0,20150826132319,221.48,3.23,7118.61,6586.62,7079.8,23887574.0,3701124.0,0.0,0.0,7.76,0.0,0.0,0.0,-1.0,-1.0,0.0,0.0,0.0,0.0
0,sz399005,7072.61,6856.56,6877.07,23932241.0,11966120.0,11966120.0,0.0,0.0,0.0,0.0,0.0,0.0,0.0,0.0,0.0,0.0,0.0,0.0,0.0,0.0,0.0,0.0,0.0,0.0,0.0,0.0,13.0,20150826132340,216.05,3.15,7118.61,6586.62,7079.8,23932241.0,3708301.0,0.0,0.0,7.76,0.0,0.0,0.0,-1.0,-1.0,0.0,0.0,0.0,0.0
0,sz399005,7073.8,6856.56,6877.07,23975896.0,11987948.0,11987948.0,0.0,0.0,0.0,0.0,0.0,0.0,0.0,0.0,0.0,0.0,0.0,0.0,0.0,0.0,0.0,0.0,0.0,0.0,0.0,0.0,13.0,20150826132401,217.24,3.17,7118.61,6586.62,7079.8,23975896.0,3715317.0,0.0,0.0,7.76,0.0,0.0,0.0,-1.0,-1.0,0.0,0.0,0.0,0.0
0,sz399005,7072.69,6856.56,6877.07,24023132.0,12011566.0,12011566.0,0.0,0.0,0.0,0.0,0.0,0.0,0.0,0.0,0.0,0.0,0.0,0.0,0.0,0.0,0.0,0.0,0.0,0.0,0.0,0.0,13.0,20150826132419,216.12,3.15,7118.61,6586.62,7073.8,24023132.0,3723613.0,0.0,0.0,7.76,0.0,0.0,0.0,-1.0,-1.0,0.0,0.0,0.0,0.0
0,sz399005,7072.69,6856.56,6877.07,24067102.0,12033551.0,12033551.0,0.0,0.0,0.0,0.0,0.0,0.0,0.0,0.0,0.0,0.0,0.0,0.0,0.0,0.0,0.0,0.0,0.0,0.0,0.0,0.0,13.0,20150826132440,216.13,3.15,7118.61,6586.62,7073.8,24067102.0,3730391.0,0.0,0.0,7.76,0.0,0.0,0.0,-1.0,-1.0,0.0,0.0,0.0,0.0
0,sz399005,7072.77,6856.56,6877.07,24123834.0,12061917.0,12061917.0,0.0,0.0,0.0,0.0,0.0,0.0,0.0,0.0,0.0,0.0,0.0,0.0,0.0,0.0,0.0,0.0,0.0,0.0,0.0,0.0,13.0,20150826132501,216.2,3.15,7118.61,6586.62,7073.85,24123834.0,3739194.0,0.0,0.0,7.76,0.0,0.0,0.0,-1.0,-1.0,0.0,0.0,0.0,0.0
0,sz399005,7075.7,6856.56,6877.07,24171191.0,12085596.0,12085596.0,0.0,0.0,0.0,0.0,0.0,0.0,0.0,0.0,0.0,0.0,0.0,0.0,0.0,0.0,0.0,0.0,0.0,0.0,0.0,0.0,13.0,20150826132525,219.13,3.2,7118.61,6586.62,7073.85,24171191.0,3746205.0,0.0,0.0,7.76,0.0,0.0,0.0,-1.0,-1.0,0.0,0.0,0.0,0.0
0,sz399005,7078.04,6856.56,6877.07,24207945.0,12103972.0,12103972.0,0.0,0.0,0.0,0.0,0.0,0.0,0.0,0.0,0.0,0.0,0.0,0.0,0.0,0.0,0.0,0.0,0.0,0.0,0.0,0.0,13.0,20150826132546,221.48,3.23,7118.61,6586.62,7073.85,24207945.0,3752697.0,0.0,0.0,7.76,0.0,0.0,0.0,-1.0,-1.0,0.0,0.0,0.0,0.0
0,sz399005,7080.09,6856.56,6877.07,24245136.0,12122568.0,12122568.0,0.0,0.0,0.0,0.0,0.0,0.0,0.0,0.0,0.0,0.0,0.0,0.0,0.0,0.0,0.0,0.0,0.0,0.0,0.0,0.0,13.0,20150826132604,223.53,3.26,7118.61,6586.62,7073.85,24245136.0,3758976.0,0.0,0.0,7.76,0.0,0.0,0.0,-1.0,-1.0,0.0,0.0,0.0,0.0
0,sz399005,7080.74,6856.56,6877.07,24290961.0,12145480.0,12145480.0,0.0,0.0,0.0,0.0,0.0,0.0,0.0,0.0,0.0,0.0,0.0,0.0,0.0,0.0,0.0,0.0,0.0,0.0,0.0,0.0,13.0,20150826132625,224.18,3.27,7118.61,6586.62,7080.09,24290961.0,3766969.0,0.0,0.0,7.76,0.0,0.0,0.0,-1.0,-1.0,0.0,0.0,0.0,0.0
0,sz399005,7078.54,6856.56,6877.07,24350155.0,12175078.0,12175078.0,0.0,0.0,0.0,0.0,0.0,0.0,0.0,0.0,0.0,0.0,0.0,0.0,0.0,0.0,0.0,0.0,0.0,0.0,0.0,0.0,13.0,20150826132646,221.98,3.24,7118.61,6586.62,7080.09,24350155.0,3777486.0,0.0,0.0,7.76,0.0,0.0,0.0,-1.0,-1.0,0.0,0.0,0.0,0.0
0,sz399005,7075.07,6856.56,6877.07,24412359.0,12206180.0,12206180.0,0.0,0.0,0.0,0.0,0.0,0.0,0.0,0.0,0.0,0.0,0.0,0.0,0.0,0.0,0.0,0.0,0.0,0.0,0.0,0.0,13.0,20150826132707,218.51,3.19,7118.61,6586.62,7077.98,24412359.0,3787537.0,0.0,0.0,7.76,0.0,0.0,0.0,-1.0,-1.0,0.0,0.0,0.0,0.0
0,sz399005,7065.79,6856.56,6877.07,24475752.0,12237876.0,12237876.0,0.0,0.0,0.0,0.0,0.0,0.0,0.0,0.0,0.0,0.0,0.0,0.0,0.0,0.0,0.0,0.0,0.0,0.0,0.0,0.0,13.0,20150826132728,209.23,3.05,7118.61,6586.62,7077.98,24475752.0,3798949.0,0.0,0.0,7.76,0.0,0.0,0.0,-1.0,-1.0,0.0,0.0,0.0,0.0
0,sz399005,7058.33,6856.56,6877.07,24522916.0,12261458.0,12261458.0,0.0,0.0,0.0,0.0,0.0,0.0,0.0,0.0,0.0,0.0,0.0,0.0,0.0,0.0,0.0,0.0,0.0,0.0,0.0,0.0,13.0,20150826132749,201.77,2.94,7118.61,6586.62,7077.98,24522916.0,3806664.0,0.0,0.0,7.76,0.0,0.0,0.0,-1.0,-1.0,0.0,0.0,0.0,0.0
0,sz399005,7046.13,6856.56,6877.07,24564312.0,12282156.0,12282156.0,0.0,0.0,0.0,0.0,0.0,0.0,0.0,0.0,0.0,0.0,0.0,0.0,0.0,0.0,0.0,0.0,0.0,0.0,0.0,0.0,13.0,20150826132810,189.57,2.76,7118.61,6586.62,7053.17,24564312.0,3813775.0,0.0,0.0,7.76,0.0,0.0,0.0,-1.0,-1.0,0.0,0.0,0.0,0.0
0,sz399005,7035.85,6856.56,6877.07,24616222.0,12308111.0,12308111.0,0.0,0.0,0.0,0.0,0.0,0.0,0.0,0.0,0.0,0.0,0.0,0.0,0.0,0.0,0.0,0.0,0.0,0.0,0.0,0.0,13.0,20150826132831,179.29,2.61,7118.61,6586.62,7053.17,24616222.0,3822694.0,0.0,0.0,7.76,0.0,0.0,0.0,-1.0,-1.0,0.0,0.0,0.0,0.0
0,sz399005,7026.72,6856.56,6877.07,24668675.0,12334338.0,12334338.0,0.0,0.0,0.0,0.0,0.0,0.0,0.0,0.0,0.0,0.0,0.0,0.0,0.0,0.0,0.0,0.0,0.0,0.0,0.0,0.0,13.0,20150826132855,170.16,2.48,7118.61,6586.62,7053.17,24668675.0,3831137.0,0.0,0.0,7.76,0.0,0.0,0.0,-1.0,-1.0,0.0,0.0,0.0,0.0
0,sz399005,7016.11,6856.56,6877.07,24710187.0,12355094.0,12355094.0,0.0,0.0,0.0,0.0,0.0,0.0,0.0,0.0,0.0,0.0,0.0,0.0,0.0,0.0,0.0,0.0,0.0,0.0,0.0,0.0,13.0,20150826132916,159.55,2.33,7118.61,6586.62,7024.77,24710187.0,3837881.0,0.0,0.0,7.76,0.0,0.0,0.0,-1.0,-1.0,0.0,0.0,0.0,0.0
0,sz399005,7011.87,6856.56,6877.07,24764211.0,12382106.0,12382106.0,0.0,0.0,0.0,0.0,0.0,0.0,0.0,0.0,0.0,0.0,0.0,0.0,0.0,0.0,0.0,0.0,0.0,0.0,0.0,0.0,13.0,20150826132937,155.31,2.27,7118.61,6586.62,7024.77,24764211.0,3846480.0,0.0,0.0,7.76,0.0,0.0,0.0,-1.0,-1.0,0.0,0.0,0.0,0.0
0,sz399005,7006.42,6856.56,6877.07,24797810.0,12398905.0,12398905.0,0.0,0.0,0.0,0.0,0.0,0.0,0.0,0.0,0.0,0.0,0.0,0.0,0.0,0.0,0.0,0.0,0.0,0.0,0.0,0.0,13.0,20150826132952,149.85,2.19,7118.61,6586.62,7024.77,24797810.0,3851789.0,0.0,0.0,7.76,0.0,0.0,0.0,-1.0,-1.0,0.0,0.0,0.0,0.0
